3025 4975
220 442 284 505 628
379 438 524 493 Hormisda
542 436 661 491 Thomas
681 439 710 491 et
726 437 897 501 Nicostrato;
917 435 1061 491 Hormisda
1074 436 1205 491 Dioscoro

219 639 328 700 nostra
358 634 446 698 fuere
479 631 635 698 desideria
662 636 695 697 et
721 630 785 715 ipsi
809 652 933 716 semper
966 633 1134 715 optabant;
1167 654 1229 698 non
1263 633 1367 699 solum

220 744 305 808 enim
318 742 390 807 loca
407 740 454 806 eia
474 739 581 805 debita
600 739 749 804 dicuntur
767 738 874 804 ablata
889 738 945 805 sed
964 758 982 803 a
1000 740 1223 805 communione
1243 760 1368 823 quoque

176 848 274 915 2eos
307 848 516 932 cognouimus
549 847 649 912 fuisse
687 865 871 929 suspensos.
920 846 1003 929 quod
1036 866 1130 929 quam
1164 848 1274 912 acerbe
1307 847 1370 913 fert

220 955 344 1020 animus
364 956 481 1029 noster,
501 955 597 1017 etiam
611 952 842 1017 fraternitatem
856 952 1086 1038 (dilectionem)
1100 956 1188 1017 tuam
1209 954 1369 1018 oredimus

220 1062 388 1127 aestimare
413 1064 445 1125 et
466 1060 537 1124 ideo
566 1064 716 1142 quantam
740 1060 940 1144 diligentiam
963 1078 1077 1125 causae
1101 1060 1220 1124 uidetis
1249 1060 1369 1143 magni-
1397 1080 1410 1121 a

219 1168 363 1233 tudinem
396 1186 537 1251 poscere,
571 1171 689 1233 tantam
723 1186 783 1232 uos
817 1166 991 1232 efficaciam
1024 1166 1146 1231 debetis
1180 1167 1247 1230 sine
1280 1186 1371 1231 mora

219 1277 378 1358 praestare
403 1279 435 1339 et
458 1293 563 1358 agere,
587 1294 626 1338 ne
647 1293 705 1339 nos
729 1274 834 1352 magis
854 1274 938 1357 apud
957 1292 1036 1356 quoa
1055 1275 1185 1339 fuerunt
1203 1272 1371 1337 uideamur

220 1402 293 1448 esse
321 1380 507 1465 contempti,
531 1401 605 1445 curn
627 1380 694 1445 illis
718 1384 827 1445 contra
858 1399 953 1463 quarn
982 1379 1173 1445 desiderium
1201 1398 1370 1443 commune

219 1488 334 1553 habuit
347 1488 573 1554 sollicitudinis
587 1487 735 1552 molestia
748 1488 846 1552 fuerit
859 1487 1041 1553 indecenter
1053 1487 1171 1551 iniecta
1185 1487 1216 1549 in
1231 1489 1369 1563 tantum,

221 1599 258 1660 ut
279 1614 337 1660 nec
361 1594 399 1659 de
430 1593 639 1658 facultatibus
673 1613 793 1671 eorum,
819 1613 899 1676 quae
930 1592 975 1658 eis
1005 1593 1155 1659 dicuntur
1185 1593 1414 1671 inuasae,a10

219 1703 315 1767 fratre
339 1705 372 1767 et
394 1701 583 1785 coepiscopo
605 1703 714 1765 nostro
737 1700 875 1765 Iohanne
900 1700 1025 1764 dicatur
1048 1699 1169 1782 aliquid
1188 1699 1369 1765 ordinatum

220 1828 277 1874 nec
300 1810 425 1874 litteras
458 1811 592 1886 nostras,
617 1828 696 1891 quas
718 1826 776 1892 per
799 1826 853 1873 eos
877 1808 1035 1885 misimus,
1060 1808 1161 1873 luisse
1189 1810 1369 1890 susceptas.

177 1921 197 1983 3
223 1916 260 1981 de
288 1915 405 1999 quibua
433 1915 580 1981 omnibus
612 1915 658 1979 ita
683 1934 743 1979 uos
773 1934 867 2000 agere
895 1914 1109 1979 desideramus
1140 1904 1304 1991 instanter,
1334 1916 1372 1977 ut

222 2022 262 2087 ad
294 2040 350 2087 nos
380 2022 494 2086 caritas
527 2023 635 2084 uestra
667 2020 710 2084 de·
744 2020 859 2085 effectu
892 2020 988 2084 huius
1022 2038 1136 2085 causae
1168 2019 1275 2083 ualeat
1308 2020 1369 2083 sub

222 2128 384 2193 celeritate
408 2127 591 2193 rescribere.
637 2127 721 2192 Data
742 2128 839 2202 <die>
865 2147 926 2209 quo
952 2146 1049 2209 supra
1072 2146 1158 2192 cons.
1183 2146 1226 2190 ss.
1390 2172 1414 2211 ,5

741 2320 849 2404 (172.)

267 2462 424 2508 normann
438 2463 563 2510 saorra
578 2464 618 2509 ur
633 2464 828 2511 mcosrauro
847 2463 1019 2511 nrrscorrs.
1059 2443 1372 2510 Animumnostrum

221 2571 278 2634 pro
311 2551 439 2635 negotio
471 2557 580 2618 uestro
614 2553 753 2618 otiosum
787 2556 843 2617 aut
871 2552 1012 2617 desidem
1045 2573 1107 2617 non
1135 2551 1266 2635 putetis,
1296 2571 1372 2615 nam

222 2677 283 2723 non
313 2657 406 2723 aliter
429 2658 467 2723 de
494 2664 603 2724 uestra
629 2659 815 2744 fatigatione
845 2679 939 2743 quam
965 2659 1002 2724 de
1025 2659 1152 2742 propria
1179 2659 1371 2741 cogitamus.

178 2766 198 2829 2
223 2765 316 2828 Mena
331 2765 490 2848 siquidem
504 2766 657 2831 ecclesiae
672 2769 798 2830 nostrae
813 2766 935 2830 notario
954 2765 1135 2829 insinuante
1160 2765 1372 2848 cognouimus
1389 2795 1417 2836 ao
1504 2849 1505 2852 Ἴ

222 2871 432 2945 cari<ta>tem
451 2875 592 2937 uestram
615 2873 718 2937 adhue
743 2872 1001 2938 obseruationum
1026 2870 1189 2936 molestias
1212 2869 1372 2934 sustinere

223 2981 255 3042 et
286 2978 369 3056 ideo,
406 2983 443 3044 ut
473 2979 546 3044 istis
579 2980 830 3044 aduersitatibus
868 2979 946 3044 deus
985 2979 1184 3060 omnipotens
1223 2977 1374 3061 dignetur

221 3089 382 3166 praestare
404 3087 590 3157 remedium,
610 3091 676 3152 tam
696 3087 735 3151 ad
753 3086 924 3152 Iohannem
944 3087 1073 3150 fratrem
1093 3089 1125 3150 et
1144 3085 1370 3167 coepiscopum

222 3197 367 3256 nostrum
391 3193 510 3274 scripta
533 3193 703 3258 direximus
727 3213 822 3277 quam
846 3192 911 3258 filio
935 3196 1043 3258 nostro
1065 3193 1216 3258 Dioscoro
1237 3191 1371 3255 diacono

258 3385 275 3438 3
295 3399 389 3438 aceruo
413 3382 439 3437 V
495 3383 567 3437 ferat
585 3383 612 3434 ο2
664 3385 682 3437 4
700 3383 899 3438 fraternitatem
923 3383 983 3437 <et>
996 3383 1168 3438 dilectionem
1179 3399 1236 3436 mom
1255 3390 1325 3438 recte
1344 3403 1371 3456 ρ;

223 3487 269 3541 epo
301 3471 474 3527 dilectionem
506 3473 586 3525 amma
616 3473 726 3538 inclusi,
753 3489 812 3526 mom
843 3489 897 3540 qno
924 3473 1091 3526 caccabulum
1121 3472 1196 3526 iilud
1227 3473 1373 3526 delendum

223 3577 278 3616 erae
305 3577 453 3628 carceream
470 3560 552 3614 immo
576 3559 649 3614 idem
673 3561 753 3615 uolui
778 3561 853 3630 quod
879 3562 979 3615 rectius
1004 3562 1129 3628 fortasse
1154 3561 1195 3614 cic
1227 3561 1371 3616 edidissem

332 3650 503 3704 dilectionem

330 3721 539 3784 fraternitatem,

223 3811 306 3864 mirso
318 3810 410 3878 suinae
428 3811 637 3872 fraternitatem,
654 3812 687 3865 im
705 3811 855 3879 eremplam'
874 3810 914 3864 ad
926 3811 1091 3864 Dioscormm
1110 3811 1177 3866 doto
1197 3811 1369 3867 dilectionem

225 3901 366 3952 ttantum
390 3899 421 3962 V,
441 3915 510 3954 corr.
529 3898 557 3950 ο2
628 3900 788 3954 Ὶυὶᾱεηιυτ
812 3899 843 3964 V,
867 3915 970 3953 corma
1043 3899 1180 3954 9fuerint
1203 3899 1235 3964 V,
1255 3917 1325 3956 corr.
1345 3899 1371 3954 α’

226 3988 257 4040 ll
279 3988 390 4057 aliquod
408 3988 467 4042 edd.
487 4004 548 4043 cum
568 4009 585 4042 α
641 3991 672 4043 15
685 3988 762 4042 <die>
776 4005 827 4058 quo
848 4004 929 4058 supra
945 3989 1058 4056 scripsi:
1078 3989 1109 4059 qi
1130 3989 1156 4042 V

261 4077 324 4130 172.
359 4076 429 4132 Dat.
447 4082 480 4130 ut
496 4094 536 4147 ep.
557 4082 617 4134 171.
662 4077 738 4132 Edd.
760 4077 970 4144 Car.1²509,·
991 4077 1098 4133 Collect.
1121 4078 1240 4144 Comcil.,·
1257 4078 1375 4132 BTAI

227 4168 301 4232 4325
325 4164 405 4220 Tte'el
429 4169 503 4232 90&
523 4173 715 4222 commeruerat
737 4167 808 4221 Bar.
833 4167 878 4220 ad.
904 4183 930 4221 a.
953 4169 1098 4234 519,134.
1163 4167 1197 4221 18
1217 4168 1327 4222 occiosu
1351 4167 1375 4222 V

224 4255 315 4324 puteis
339 4255 371 4320 V,
395 4273 465 4310 corr.
484 4274 502 4307 α
591 4257 623 4309 21
648 4256 760 4309 caritem
784 4255 815 4321 V,
839 4271 908 4311 corr.
928 4273 946 4306 α
1052 4255 1179 4310 molestia
1200 4255 1231 4320 V,
1256 4271 1328 4314 corr.
1348 4255 1373 4308 0²

225 4349 290 4400 sunt
307 4346 375 4400 inire
399 4345 431 4410 V,
450 4362 518 4399 com.
537 4344 565 4397 ο2

225 3686 307 3740 etiarn
557 3685 661 3740 scilicet
683 3691 715 3739 ut
736 3685 921 3755 sacrificarem
939 3686 970 3738 in
989 3685 1141 3754 exemplari
1159 3687 1198 3740 ad
1215 3687 1371 3742 Iohannem
