3025 4975
215 340 281 405 564
396 338 557 393 Anastasius
575 338 747 405 Hormisdae3
767 339 892 395 monachi
911 342 1003 410 Syriae
1022 340 1183 395 Horrniadae

215 552 274 598 uos
304 536 336 598 et
362 533 504 617 integros
533 534 571 597 ab
601 534 687 600 omni
715 537 986 618 transgressorum
1011 536 1162 602 societate
1187 540 1363 609 seruantes,

215 644 253 705 ut
275 644 331 705 aut
353 660 427 706 cum
451 640 599 705 correctis
624 658 735 705 sensus
760 644 793 706 et
816 642 910 706 corda
931 642 1102 727 iungamus
1121 646 1177 707 aut
1195 644 1234 708 ab
1254 662 1364 707 eorum

215 748 345 813 uenenis
377 746 489 811 intacti
522 766 592 811 esse
626 766 811 813 mereamur.
840 768 914 813 narn
943 749 1007 831 qui,
1037 750 1121 814 sicut
1148 769 1208 815 uos
1238 768 1365 832 quoque

216 854 441 920 conscientiam
457 857 596 919 uestram
610 874 671 919 non
686 856 787 919 latere
803 855 975 933 testamini,
992 856 1141 921 nouimus
1153 856 1365 939 Eutychetenr

217 964 312 1044 atque
353 960 536 1027 Nestorium
578 960 771 1043 apostolicae
812 961 845 1025 id
887 965 937 1026 est
977 962 1151 1027 catholicae
1189 964 1366 1027 sentcntiae
1398 982 1411 1020 s

218 1068 405 1133 anctoritate
429 1067 609 1132 damnatos:
635 1068 904 1150 quemadmodum
927 1068 1010 1134 salui
1034 1088 1104 1133 esse
1126 1069 1313 1151 poterimus,
1336 1068 1367 1133 si

218 1194 327 1239 eorum
360 1174 570 1239 sectatoribus
603 1192 640 1239 ac
671 1175 809 1257 posteris
843 1175 986 1256 qualibet
1016 1178 1105 1259 parte
1134 1175 1367 1241 communionis

217 1282 415 1359 haereamus,
443 1300 516 1346 cum
544 1282 647 1346 Belial
671 1302 744 1347 curn
769 1283 895 1349 Christo
919 1288 1027 1349 nostro
1051 1284 1227 1367 portionem
1250 1283 1367 1349 habere

166 1388 207 1454 14
218 1410 278 1455 non
293 1389 419 1473 possit?
465 1389 685 1453 instructionis
702 1389 1367 1467 autemnestraeinteressecre<di>dimus,

217 1499 254 1561 nt
277 1514 322 1573 ea,
349 1514 428 1579 quae
453 1495 537 1577 apud
560 1512 617 1559 nos
643 1514 660 1558 a
683 1495 915 1579 Nicopolitanis
939 1497 993 1560 uel
1015 1496 1170 1561 Dardanis
1190 1500 1262 1561 acta
1279 1500 1367 1571 sunt,
1388 1516 1415 1555 ro

217 1603 270 1667 uel
303 1621 364 1684 quo
397 1603 429 1665 in
463 1603 717 1667 communionem
750 1603 857 1667 ordine
896 1603 961 1667 sint
996 1604 1125 1685 recepti,
1163 1604 1256 1667 uobis
1292 1607 1371 1667 nota

217 1710 395 1775 faceremus
414 1710 556 1791 ipsarum
576 1710 711 1774 lectione
731 1710 920 1774 chartarum.
986 1710 1069 1775 Data
1085 1710 1155 1774 XV.
1174 1710 1247 1773 Kal.
1272 1708 1369 1775 Mart.

217 1816 354 1901 Agapito
379 1836 464 1881 cons.

736 1905 846 1989 (138.)

264 2049 459 2095 nussrnsrrs
475 2048 634 2093 nuousrus
649 2048 825 2093 ncnrrsunn
840 2048 957 2093 aaran.
999 2030 1069 2093 Etsi
1083 2048 1234 2112 magnum
1248 2028 1373 2111 aliquid
1392 2050 1418 2091 ιε

218 2136 420 2202 taciturnitas
449 2136 617 2213 iudicatur,
646 2138 753 2200 tamen
783 2137 998 2200 necessarium
1026 2138 1076 2201 est
1103 2136 1295 2201 admirantes
1318 2135 1374 2199 dei

219 2242 469 2309 misericordiam
494 2243 622 2307 assidue
646 2243 844 2324 frequentare
868 2262 1057 2317 sermonem,
1082 2246 1114 2307 et
1141 2242 1217 2324 quia
1242 2242 1372 2306 initium

221 2348 305 2428 fidei,
325 2366 419 2430 quarn
438 2366 495 2412 nos
515 2348 661 2413 dominus
682 2353 714 2411 et
733 2346 811 2411 deus
831 2347 973 2413 salrator
990 2351 1099 2413 noster
1116 2348 1207 2412 iesus
1223 2347 1372 2413 Christus

223 2454 344 2534 docuit,
378 2455 409 2520 in
440 2456 628 2521 remissione
665 2458 867 2538 peccatorum
904 2455 1081 2538 praecellit,
1119 2454 1200 2520 nulli
1237 2455 1375 2520 habetur

188 2559 376 2647 2ignotum.
420 2564 489 2646 ipse
523 2564 605 2627 enirn
638 2582 695 2644 per
726 2562 887 2645 propriam
919 2564 1101 2644 passionem
1134 2563 1238 2627 omnia
1268 2561 1374 2626 Adam
1392 2585 1419 2624 eo

221 2671 353 2752 peccata
379 2669 548 2735 mandauit
576 2674 608 2734 et
635 2669 713 2734 haec
742 2669 805 2733 fuit
833 2669 1008 2753 negotiatio
1036 2669 1230 2733 humilitatis
1256 2668 1373 2752 ipsius,

222 2778 259 2839 ut
287 2779 319 2839 et
345 2776 520 2858 praefatum
548 2779 580 2840 et
603 2795 712 2841 omnes
740 2779 847 2859 patres
875 2776 1024 2840 liberaret
1051 2795 1087 2840 er
1116 2776 1272 2840 seruitute
1300 2794 1374 2859 pec·

223 2883 295 2960 cati,
315 2884 494 2948 uoluntaria
516 2903 683 2967 personam
708 2885 794 2949 serui
816 2883 1006 2966 suscipiens.
1029 2902 1101 2947 nam
1120 2883 1233 2947 beatus
1251 2882 1373 2947 Penius

223 2989 388 3073 apostolus
413 2990 521 3054 docuit
543 3008 600 3054 nos
625 2989 766 3053 scribens
790 2989 829 3052 ad
853 2989 1029 3053 Romanos:
1053 2989 1243 3072 regnauit
1266 3007 1374 3053 mors

224 3097 268 3160 ab
293 3096 414 3162 Adam
443 3115 570 3178 usque
595 3097 640 3160 ad
663 3097 828 3179 Moysen
853 3098 892 3158 et
914 3095 952 3158 in
977 3115 1056 3172 eos,
1087 3095 1257 3177 quinon
1287 3114 1374 3179 pec·
1393 3121 1420 3160 as

191 3207 431 3274 3cauerunt.
471 3223 507 3268 ex
531 3223 593 3286 quo
619 3206 670 3268 est
690 3202 893 3266 uniuersitati
917 3202 1149 3284 quodammodo
1178 3201 1374 3266 declaratum

224 3332 261 3377 er
298 3310 436 3396 generali
468 3311 677 3392 dispositione
716 3310 785 3374 siue
821 3309 1022 3373 mirabilibus
1058 3307 1209 3392 specialia
1245 3325 1375 3391 quoque

224 3421 368 3502 exempla
391 3418 504 3482 debere
529 3417 691 3498 suscipere
716 3415 818 3480 semel
841 3416 930 3478 tanta
957 3431 1091 3498 magnae
1117 3414 1201 3498 legis
1229 3413 1374 3479 iussione

314 3610 330 3664 8
350 3609 384 3666 ci.
404 3609 465 3665 Cor.
483 3607 512 3662 11
530 3610 556 3672 6,
577 3608 609 3664 15
664 3607 699 3661 23
719 3605 751 3660 ci.
770 3605 891 3676 Philipp.
911 3607 937 3670 2,
957 3607 972 3660 7
1028 3607 1063 3659 24
1081 3606 1158 3660 Rom.
1178 3608 1203 3667 5,
1226 3606 1259 3658 14

261 3738 277 3790 2
295 3739 327 3788 nt
345 3737 436 3789 autern
455 3749 515 3788 cum
532 3733 564 3798 V,
583 3747 652 3786 corr.
673 3731 700 3799 ρι
734 3733 753 3786 4
773 3732 915 3785 euticetem
933 3728 959 3783 V
993 3729 1011 3782 8
1028 3729 1138 3783 heroam
1156 3728 1188 3793 V,
1200 3729 1344 3782 hereamns
1358 3749 1374 3780 o

224 3825 391 3879 teredimus
413 3823 446 3890 V,
465 3823 573 3878 correxi

262 3913 328 3970 188.
370 3911 439 3966 Dat.
460 3929 486 3968 a.
509 3915 563 3964 517
581 3911 625 3964 die
643 3913 674 3963 11
692 3909 748 3964 lai.
785 3909 859 3963 Edd.
882 3907 946 3962 Car.
966 3906 998 3959 1²
1018 3906 1181 3974 4705Bar.
1202 3906 1242 3960 ad
1260 3923 1287 3959 a.
1310 3909 1373 3969 517,

228 4007 282 4069 aa·
302 4001 409 4055 correct.
433 4001 550 4067 rosaz,
572 4000 652 4053 rora
672 4002 733 4055 sne.
838 3984 876 4052 i}
892 4013 1024 4051 oasam
1049 3996 1073 4048 r
1177 3997 1209 4049 re
1228 3995 1327 4049 aratur
1349 3995 1377 4047 r

226 4093 261 4146 20
280 4092 414 4161 propriam
434 4111 460 4144 οι
480 4091 565 4159 priam
590 4089 614 4140 V
680 4090 714 4142 22
733 4088 899 4158 praefectum
924 4086 949 4138 V
1017 4092 1110 4156 patres
1134 4085 1171 4139 V:
1188 4085 1285 4138 iratres
1307 4083 1373 4138 Car.

226 4182 260 4234 27
281 4197 387 4250 quoque
407 4165 465 4249 (dd)
491 4179 526 4232 V:
546 4194 666 4247 quaeque
687 4197 708 4232 o.
730 4193 861 4246 quemque
884 4176 965 4229 roret
1026 4175 1060 4228 28
1078 4173 1197 4227 iussione
1219 4173 1298 4227 Gar„-
1316 4174 1374 4226 ius-

227 4270 311 4323 sionis
335 4269 361 4320 V
