3025 4975
209 425 273 488 666
444 420 589 474 Horruisda
607 419 770 481 Iustiniano;
789 419 943 472 Dorotheus
962 417 1123 471 Honnisdae

207 618 333 699 plenius
349 615 541 692 disserenda,
557 634 630 681 cum
644 616 776 681 florente
790 614 922 698 imperio
944 614 1185 680 clementissimi
1203 614 1354 699 principis

207 725 399 805 promissam
423 724 616 807 legationem
641 727 674 787 et
696 723 858 805 suscipere
880 740 937 787 nos
963 722 1020 786 deo
1044 721 1235 805 propitiante
1259 722 1356 787 conti-

208 830 292 914 gerit
321 833 352 895 et
381 830 519 915 cognitis
549 831 696 895 omnibus
725 850 799 895 cum
823 829 979 895 adiutorio
1004 828 1055 893 dei
1078 829 1180 893 nostri
1203 846 1353 912 responso

207 937 331 1002 reddito
355 957 412 1020 pro
436 936 655 1002 uniuersitatis
678 937 899 1002 informatione
922 936 1094 1001 remittere.

731 1129 839 1211 (201)
1385 1172 1398 1211 a

253 1274 410 1319 uorrrson
450 1273 631 1319 rusrrurmro
674 1273 821 1318 rmusrnr.
897 1252 1046 1318 Studium
1092 1255 1236 1318 uestrum
1282 1272 1357 1337 erga

208 1360 460 1426 ecclesiasticam
496 1378 607 1442 pacem
645 1362 676 1423 et
719 1358 884 1423 damnatos
926 1358 1102 1423 haereticae
1144 1358 1356 1424 contentionis

209 1486 328 1531 errores
357 1466 437 1548 ipsis
467 1484 573 1530 rerum
602 1465 768 1530 effectibus
799 1466 1026 1547 approbamus3
1052 1466 1143 1531 cuius
1167 1484 1226 1531 uos
1251 1465 1356 1549 operis

163 1576 182 1638 2
207 1592 323 1657 magna
340 1573 559 1655 immensaque
579 1572 646 1637 sine
666 1572 762 1636 dubio
782 1590 902 1636 meroes
923 1574 1076 1655 expectat.
1096 1572 1170 1636 hinc
1190 1570 1355 1654 estquod,

208 1678 359 1761 quicquid
383 1698 439 1761 pro
464 1697 620 1743 canonum
643 1677 794 1743 firmitate
818 1681 849 1743 ot
873 1698 929 1761 pro
950 1678 1143 1762 apostolicae
1163 1678 1248 1743 sedis
1267 1697 1355 1742 reue·
1374 1704 1401 1745 ro
1499 1694 1500 1703 ²

206 1786 309 1850 rentia
345 1786 559 1850 necessarium
598 1786 790 1863 duxerimus,
828 1785 1040 1869 magnitudini
1077 1788 1203 1850 uestrae
1242 1804 1358 1849 secura

206 1892 419 1975 peragendum
451 1894 596 1975 protinus
633 1893 893 1975 praesumptione
930 1894 1129 1969 mandamus,
1167 1893 1241 1975 quia
1280 1912 1356 1957 cum

205 2018 320 2082 magno
345 2019 403 2064 uos
429 2001 545 2085 gaudio
569 2018 625 2081 pro
650 2000 756 2064 causis
781 1999 900 2064 talibus
921 2002 1046 2082 sperata
1066 1999 1228 2082 suscipere
1246 2000 1357 2063 multi-

206 2105 303 2187 plicia
336 2106 519 2172 huiusmodi
548 2106 691 2189 exempla
719 2108 887 2170 testantur.
917 2124 1012 2187 quare
1043 2106 1171 2171 omissis
1199 2106 1231 2169 in
1259 2106 1358 2191 longa

208 2211 395 2277 circuitione
423 2213 588 2296 principiis
617 2213 656 2276 ad
683 2231 748 2277 rem
773 2213 876 2294 ipsam
900 2213 1075 2295 praesentis
1100 2212 1232 2295 paginae
1257 2212 1358 2277 uerba
1377 2238 1402 2277 1⁵

163 2320 434 2385 3conuertimus.
467 2323 589 2384 maeret
621 2318 756 2384 ecclesia
790 2321 823 2383 et
854 2318 886 2383 in
919 2338 1033 2402 magno
1062 2319 1192 2384 uotiuae
1222 2319 1356 2383 unitatis

207 2425 333 2491 exordio
361 2426 424 2490 frui
448 2425 602 2508 praestita
624 2445 687 2491 non
710 2428 820 2508 potest
842 2444 898 2508 pro
923 2426 1018 2491 unius
1043 2444 1157 2492 causae
1182 2426 1356 2492 afflictione

205 2533 348 2596 laetitia:
372 2534 451 2597 hanc
485 2537 522 2596 ut
555 2531 645 2597 nobis
679 2533 928 2597 sollicitudinem
961 2532 1115 2597 beneficia
1143 2539 1251 2598 uestra
1280 2535 1356 2600 sub·

205 2641 367 2715 moueant,
396 2659 457 2703 non
485 2639 594 2722 paruis
623 2640 772 2720 precibus
802 2659 977 2704 exoramus.
1008 2640 1097 2723 angit
1123 2659 1180 2705 nos
1212 2641 1296 2704 enim
1323 2644 1358 2705 et

205 2763 355 2827 praesens
389 2745 479 2810 dolor
512 2749 544 2809 et
570 2745 750 2810 futurorum
781 2746 905 2810 occasio
934 2749 1103 2828 procurata
1131 2747 1355 2824 certaminum,
1375 2775 1403 2815 ro

204 2870 261 2930 per
293 2870 388 2932 quam
420 2854 452 2916 et
482 2851 712 2916 uenerabilium
745 2857 871 2934 patrum
907 2853 1036 2936 regulae
1073 2853 1285 2936 neglegantur
1322 2859 1357 2919 et

161 2966 182 3026 4
205 2957 399 3037 apostolicae
423 2957 509 3020 sedis
532 2962 665 3039 putatur
688 2958 862 3022 auctoritas
882 2978 976 3041 posse
996 2959 1164 3025 contemni.
1185 2979 1258 3024 nam
1279 2979 1356 3026 cum

205 3064 311 3128 diuino
348 3065 652 3148 clementissimique
689 3065 842 3148 principis
881 3065 1033 3130 beneficio
1073 3065 1129 3130 sed
1167 3071 1199 3132 et
1240 3073 1354 3134 uestro

205 3170 301 3233 simul
325 3170 437 3235 adnisu
460 3171 493 3234 hi
517 3171 579 3235 soli
598 3171 765 3235 credantur
785 3189 853 3234 esse
873 3169 1039 3253 pontifices
1059 3175 1092 3234 et
1109 3172 1176 3236 iure
1197 3173 1354 3240 ecclesias

204 3277 374 3352 continere,
404 3278 459 3358 qui
487 3277 526 3341 ad
555 3277 808 3342 communionem
838 3281 977 3341 nostram
1007 3277 1163 3343 damnatis
1192 3282 1355 3347 erroribus
1375 3309 1402 3348 er
1499 3301 1500 3306 ’

203 3383 304 3447 redire
328 3384 538 3452 consentiunt.
562 3384 674 3448 Heliae
698 3384 846 3448 Thomati
871 3389 965 3466 atque
989 3383 1171 3450 Nicostrato
1200 3388 1355 3454 fratribus

204 3492 236 3553 et
263 3489 460 3572 coepiscopis
488 3490 616 3564 nostris,
645 3490 700 3572 qui
728 3490 847 3555 bonum
872 3509 986 3555 causae
1011 3491 1106 3555 ctiam
1132 3493 1190 3557 sub
1215 3493 1355 3560 aduorso

204 3593 392 3676 imperatore
417 3595 530 3660 dedere
553 3597 755 3679 principium,
781 3617 841 3662 non
867 3600 969 3663 solum
994 3600 1074 3662 nilril
1097 3600 1136 3663 ad
1160 3605 1356 3683 prouectum

241 3802 400 3871 lprintipis
423 3803 449 3856 V

238 3889 306 3942 201.
343 3890 411 3943 Dar.
433 3892 528 3957 (riorul
550 3910 619 3947 caena
645 3911 703 3962 epp.
723 3897 779 3947 189
797 3897 854 3948 190
870 3898 930 3948 202
949 3898 1010 3948 203
1029 3899 1086 3949 210
1103 3900 1164 3964 211)
1185 3915 1210 3950 α.
1234 3902 1289 3951 519
1310 3903 1359 3957 die

202 3977 312 4044 2Sept.
331 3994 380 4044 per·
398 3979 554 4048 Eulopr'mn.
630 3983 703 4035 aad.
731 3983 794 4036 Cor.
820 3982 851 4035 1²
872 3986 933 4050 511;
959 3984 1066 4038 Collecr.
1090 3985 1207 4052 Oonctt.;
1229 3987 1360 4044 BTAI

204 4069 279 4132 434‚·
301 4065 379 4119 Tulei
399 4071 468 4133 891‚·
485 4077 675 4124 conrmemorot
694 4072 762 4125 Bar.
783 4073 822 4124 cd
840 4089 866 4125 a.
890 4075 951 4134 519,
971 4077 1033 4126 131.
1089 4074 1169 4130 uhic
1193 4074 1225 4136 V.
1244 4092 1319 4133 corr.
1341 4099 1356 4131 ο

203 4153 237 4208 13
256 4154 391 4223 suscipere
405 4159 585 4225 ‘'patrocinia''
599 4157 625 4224 p²
665 4162 695 4212 15
714 4161 852 4230 printipiis
876 4160 902 4213 V
939 4164 970 4216 16
989 4167 1075 4216 ureret
1094 4163 1120 4214 V
1155 4165 1187 4216 11
1206 4169 1301 4235 petest
1322 4167 1356 4230 V,

201 4258 269 4296 corr.
290 4262 308 4295 α
373 4245 405 4298 19
424 4250 509 4314 anget
531 4246 563 4306 V.
583 4265 652 4301 corr.
672 4246 699 4298 ο2
762 4251 794 4302 21
815 4250 992 4318 ncgliguntur
1013 4252 1076 4304 Car.
1142 4255 1175 4307 26
1195 4254 1269 4308 helia
1286 4256 1356 4310 tho-

200 4337 273 4386 mate
298 4333 328 4396 V,
349 4351 416 4389 corr.
438 4333 465 4384 0²
