3025 4975
474 411 561 482 Epist.
581 411 779 467 ccxxxxflll
798 413 947 469 100-104.
1216 416 1280 480 773

138 613 260 675 montes
293 609 325 672 in
359 609 498 674 conuelli
531 609 592 673 sita
626 611 685 684 est,
713 608 787 672 hinc
814 607 889 674 inde
916 609 1074 674 montium
1103 608 1279 675 obiectione

139 718 295 782 conclusa.
333 715 475 780 fecerunt
512 718 618 779 alutem
657 715 856 795 Samaritani,
895 717 949 799 qui
981 717 1012 781 in
1048 716 1178 781 ciuitate
1209 716 1281 798 ipsa
1304 714 1367 777 102

139 825 345 900 commanent,
375 822 493 906 gradus
520 821 550 885 iu
579 825 685 886 monte
714 823 747 886 et
773 822 931 905 templum
956 822 1115 905 quoddam
1138 823 1171 886 in
1194 822 1279 886 edito

140 931 388 1006 construxerunt,
426 931 472 1006 nt,
512 929 596 993 sicut
634 927 780 1002 diximus,
820 947 946 993 sursum
984 929 1015 993 in
1052 931 1159 996 monte
1192 948 1279 994 orare

113 1037 312 1112 suideantur,
337 1055 430 1119 quem
455 1034 580 1100 Garizin
606 1035 669 1117 ipsi
692 1038 808 1099 uocant
826 1035 914 1099 iuxta
933 1035 1089 1119 quandam
1109 1035 1279 1100 obliuionis

138 1144 300 1220 incuriam,
333 1162 393 1208 uon
426 1142 513 1207 iusta
545 1140 618 1206 fidei
650 1141 844 1224 rationisque
876 1143 1062 1221 ueritatem
1095 1161 1168 1207 nam
1199 1142 1280 1208 liher

138 1251 227 1316 aliter
254 1251 351 1315 habet
378 1249 540 1314 historiae.
571 1249 626 1314 sed
654 1247 687 1312 hi
715 1249 880 1326 falluntur,
904 1249 1015 1331 quiid
1038 1249 1122 1332 quod
1146 1253 1278 1316 estnon

139 1359 305 1443 diligenter
332 1357 523 1440 inspiciuat3
553 1356 686 1439 denique
714 1361 839 1422 montes
866 1357 922 1422 isti
950 1355 1027 1420 adeo
1060 1357 1216 1422 sublimes
1248 1359 1281 1420 et
1304 1364 1368 1428 103

138 1465 286 1530 altissimi
302 1464 556 1546 comprobantur,
577 1467 614 1528 ut
632 1482 723 1528 nemo
744 1482 872 1528 sursum
890 1463 1073 1546 loquentem
1090 1463 1122 1527 in
1142 1463 1279 1530 conuelli

101 1591 121 1630 n
137 1572 238 1656 possit
266 1570 386 1636 audire.
415 1570 572 1651 quomodo
602 1588 675 1654 ergo
704 1570 862 1652 principes
889 1569 1043 1648 tribuum,
1072 1571 1127 1652 qui
1150 1589 1278 1635 sursum

138 1681 231 1754 erant,
263 1696 317 1742 ser
339 1677 482 1742 homines
507 1676 545 1741 de
568 1679 657 1740 tanta
680 1676 878 1741 sublimitate
901 1695 1013 1741 uocem
1037 1695 1128 1740 suam
1150 1676 1278 1758 populis

138 1785 276 1850 auditam
300 1785 401 1850 facere
425 1786 582 1866 poterant,
606 1787 643 1847 at
666 1783 721 1865 qui
740 1783 889 1848 deorsum
908 1783 1036 1848 stabant
1052 1783 1279 1866 responderent

138 1893 269 1956 amen?
303 1908 398 1972 super
428 1889 516 1954 mille
545 1908 680 1971 namque
708 1907 824 1972 passus
852 1889 970 1952 eminet
996 1888 1131 1954 altitudo
1159 1889 1278 1954 montis

138 2001 188 2062 aut
217 1996 356 2078 amplius
386 1995 545 2078 habetque
573 1995 689 2080 gradus
717 1996 873 2078 plurimos
900 1999 942 2072 et,
965 1999 1003 2060 ut
1026 1995 1115 2060 aiunt
1137 1995 1276 2077 quidam,

102 2123 120 2162 a
136 2104 219 2167 mille
244 2103 436 2186 quingentos
460 2105 491 2166 et
514 2121 619 2184 supra.
643 2121 699 2186 per
721 2102 781 2167 hoc
805 2102 913 2187 igitur,
937 2102 1022 2184 quod
1044 2101 1197 2185 possibile
1215 2121 1276 2168 non

136 2215 191 2286 est,
225 2213 263 2273 ut
295 2209 441 2274 audiatur
473 2208 621 2273 deorsum
653 2228 715 2274 uon
743 2227 864 2286 eorum,
893 2208 948 2290 qui
975 2227 1104 2274 srrrsnm
1132 2213 1216 2287 sunt,
1246 2212 1278 2274 et

137 2336 252 2392 eorum,
278 2315 332 2398 qui
357 2318 432 2380 sunt
455 2333 594 2392 sursum,
615 2314 773 2392 deorsum,
792 2313 937 2397 protinus
957 2317 1134 2399 arguuntur
1151 2318 1276 2380 montes

138 2423 185 2486 isti
206 2442 267 2489 non
287 2441 367 2498 esse,
389 2441 469 2505 quos
490 2421 646 2503 scriptura
661 2420 769 2485 diuina
783 2419 951 2506 significat.
968 2425 1037 2485 tum
1052 2422 1278 2505 consequentia
1302 2424 1366 2488 104

138 2531 203 2595 libri
240 2532 315 2595 lesu
352 2530 443 2594 Naue
475 2530 670 2607 manifestat,
704 2528 828 2611 quando
861 2528 901 2593 ad
933 2529 1118 2594 orientalem
1149 2529 1276 2613 plagam

101 2654 123 2693 so
139 2636 281 2702 Hiericho
312 2636 391 2701 duos
420 2636 493 2701 illos
518 2639 641 2701 montes
666 2654 736 2701 esse
761 2640 997 2714 commemorat,
1019 2636 1053 2700 id
1076 2639 1127 2700 est
1150 2636 1276 2701 Garizin

140 2748 168 2806 et
202 2742 320 2809 Gebal:
359 2743 520 2808 orientalis
558 2746 665 2807 autem
702 2742 798 2827 plaga
829 2742 980 2809 Hiericho
1013 2743 1075 2808 sita
1107 2748 1157 2807 est
1188 2744 1277 2807 iuxta

141 2848 255 2933 Galgal,
286 2852 339 2933 qui
368 2853 417 2915 est
444 2848 535 2915 locus
566 2849 728 2934 Galgalae,
759 2850 876 2915 Sicima
905 2868 980 2915 uero
1009 2850 1048 2914 ad
1075 2853 1199 2933 partem
1227 2852 1276 2915 est

141 2957 286 3039 aquilonis
310 2957 471 3034 Hiericho,
497 2956 527 3021 in
548 2956 742 3021 occidentem
761 2975 906 3041 uergens,
927 2956 1047 3021 distans
1067 2956 1105 3021 ab
1124 2956 1275 3021 Hiericho

140 3063 260 3129 milibus
285 3064 512 3147 quinquaginta
537 3063 661 3128 duobus
685 3100 728 3131 n

223 3254 252 3307 19
272 3252 304 3308 ci.
324 3254 377 3308 Ios·
396 3256 422 3319 4,
443 3255 475 3307 19

174 3377 331 3432 lconnellis
350 3378 390 3431 ite
414 3378 439 3430 V
491 3375 644 3447 3quodam
664 3377 749 3446 r'opp.
806 3374 879 3430 ‘thil
903 3375 930 3429 V
998 3376 1168 3446 despiciunt
1189 3375 1273 3445 Fopp.

141 3463 169 3515 ll
190 3470 242 3519 erat
263 3466 294 3525 V.
313 3482 382 3521 cor-r.
403 3482 512 3521 urrann.
532 3472 604 3535 port.
648 3466 680 3520 lo
694 3480 733 3533 sq.
753 3469 891 3519 eteorum
911 3466 956 3535 qui
980 3468 1043 3518 sunt
1062 3480 1167 3518 sursum
1185 3480 1237 3519 cm.
1257 3483 1274 3516 α

139 3557 311 3621 transponens
329 3554 427 3609 danda
446 3555 554 3608 lincolia
571 3554 750 3623 nuperpon'rir
764 3556 837 3607 inter
853 3570 881 3607 se
898 3553 985 3607 nerha
1004 3569 1107 3607 sursum
1127 3556 1190 3605 sunt
1203 3568 1275 3621 qnae

134 3642 308 3706 pr·cececlnnt;
328 3648 356 3697 et
376 3659 465 3697 eorum
485 3645 531 3711 qui
551 3648 614 3696 sunt
633 3658 737 3697 sursum
758 3642 881 3696 deorsum
895 3658 945 3697 orn.
961 3642 1047 3710 Fopp.
1107 3640 1143 3695 24
1157 3641 1273 3710 duobus]

138 3728 230 3783 decinit
246 3732 384 3801 scripturn
404 3730 507 3787 codicis
530 3732 554 3785 V
571 3733 620 3798 fol.
640 3735 706 3785 163¹
717 3730 809 3785 nreda‘a
823 3732 884 3799 sere
901 3731 1029 3785 columna
1048 3730 1147 3785 altera.
