3025 4975
434 454 521 523 upnt.
540 451 677 508 enxrur
696 453 731 507 ro
748 483 782 493 -
803 451 910 509 onrrx
929 454 954 507 c.
1207 458 1272 521 625

133 649 313 714 solidantur.
339 667 421 731 quae
444 668 517 714 curn
540 648 625 713 facta
647 649 713 713 tuis
735 650 853 715 litteris
873 650 1061 729 indicentur,
1080 650 1275 735 tempestiua

134 756 321 821 exultatione
351 755 519 821 dicendum
547 758 613 820 est:
643 774 758 837 quam
790 757 970 839 speciosi
1002 757 1126 839 pedes
1160 777 1273 822 euan-

136 861 404 944 gelizantium
426 880 581 944 pacem,
606 864 986 947 euangelizantinm
1009 863 1126 928 bona!
1152 865 1271 948 gratias
1297 867 1317 929 3

133 968 224 1051 igitur
238 968 525 1033 excellentissimae
539 968 686 1045 trinitati,
705 989 785 1053 qrrae
805 968 1039 1035 consentientes
1058 968 1090 1034 in
1111 968 1274 1036 Christum

108 1074 280 1141 aecclesiae
304 1094 340 1141 ac
363 1076 409 1140 rei
431 1076 580 1158 publicae
604 1076 691 1140 dedit
714 1096 785 1141 esse
802 1079 957 1143 rectores!
979 1076 1139 1141 enimuero
1159 1096 1274 1163 magna

132 1201 229 1247 rernm
261 1184 351 1247 salus
379 1187 439 1260 est,
467 1184 617 1265 quotiens
644 1184 675 1248 iu
702 1183 778 1249 fidei
806 1184 982 1250 catholicae
1009 1184 1144 1248 ueritate
1173 1202 1274 1248 sacer-

134 1287 215 1354 dotes
253 1308 290 1354 ac
327 1289 486 1373 principes
522 1309 614 1355 meua
649 1310 713 1356 nna
748 1291 898 1355 conectit.
935 1291 995 1356 hoc
1027 1290 1153 1355 firmum
1185 1292 1274 1373 pacis

133 1396 292 1461 uinculum
316 1400 376 1476 est,
399 1399 479 1462 haec
502 1398 636 1463 caelitus
661 1398 800 1464 demissa
823 1398 976 1473 societasr
1000 1398 1205 1482 nequeenim
1225 1399 1273 1463 fas

133 1507 187 1581 eat,
213 1504 245 1567 in
274 1524 338 1586 quo
366 1504 479 1569 uident
505 1504 693 1569 concordare
716 1504 926 1587 praepositos,
950 1504 1038 1569 aliud
1060 1504 1176 1569 sentire
1200 1505 1272 1569 sub·

99 1609 235 1677 clectos.
265 1631 304 1675 an
334 1610 466 1676 dubium
496 1614 546 1676 est
572 1614 689 1675 cuncta
716 1612 794 1676 haec
817 1611 1051 1694 prouidentiam
1076 1610 1273 1693 disposuisse
1297 1608 1317 1669 4

135 1716 285 1782 diuinam:
318 1719 459 1801 primum
491 1736 564 1782 eum
596 1717 773 1799 principem
806 1736 877 1781 esse
910 1718 1079 1795 delectum,
1113 1718 1168 1799 qui
1201 1738 1274 1783 curn

134 1843 164 1888 se
184 1825 351 1889 hominnm
374 1825 556 1909 suscepisse
580 1825 705 1889 uideret
726 1824 908 1908 imperium,
931 1844 993 1889 non
1018 1843 1052 1888 se
1077 1824 1196 1889 oblitus
1225 1825 1276 1888 est

135 1930 186 1995 deo
213 1950 285 1997 esse
313 1930 512 1996 subiectum:
541 1930 655 1995 dehinc
683 1930 768 2012 quod
794 1931 893 1995 talem
924 1930 1152 1995 fraternitatem
1185 1932 1274 1994 tuam

136 2038 280 2102 ecclesiae
313 2057 390 2103 suae
421 2037 602 2119 praesulem
634 2037 731 2115 dedit,
762 2058 856 2120 quem
884 2056 944 2103 non
974 2040 1060 2103 esset
1087 2036 1274 2120 ambiguum

100 2162 121 2201 n
136 2162 202 2207 cum
239 2144 314 2209 sede
352 2149 470 2222 nostra,
506 2144 539 2209 id
577 2148 627 2209 est
658 2144 845 2226 apostolica,
879 2148 997 2227 sertam
1029 2161 1273 2225 mansuramque

135 2249 203 2314 fidei
223 2251 406 2316 subiturum
430 2270 501 2315 esse
526 2251 748 2316 concordiam?
774 2250 891 2315 etenim
913 2250 1023 2315 libello
1049 2270 1067 2315 a
1089 2250 1181 2315 nobis
1199 2249 1273 2313 fidei

135 2356 262 2421 libenter
284 2360 426 2441 eccepto,
447 2376 520 2422 cum
538 2358 814 2441 redintegrationis
833 2358 864 2422 in
885 2356 1011 2423 Christo
1030 2356 1129 2422 fueris
1148 2354 1272 2434 auidus,

136 2481 299 2548 numquam
317 2464 350 2529 in
369 2464 656 2548 praedestinatione
675 2464 785 2529 diuina
803 2464 904 2530 fuisse
924 2482 942 2528 a
960 2462 1051 2529 nobis
1070 2462 1273 2549 cognosceris

137 2571 258 2638 alienus.
278 2572 398 2654 itaque,
418 2571 626 2636 dilectissime
645 2572 751 2649 irater,
767 2571 819 2636 dei
833 2571 933 2636 nostri
947 2575 1060 2653 sponte
1075 2571 1274 2636 currentibus
1299 2573 1318 2633 5

101 2696 124 2736 a
138 2675 245 2742 instate
267 2677 446 2754 beneficiis3
471 2679 573 2759 sparsi
597 2677 672 2742 olim
698 2677 805 2762 gregis
828 2677 953 2760 plenius
973 2678 1114 2742 membra
1132 2675 1274 2760 colligite

139 2786 168 2847 et
192 2783 348 2849 custodite
372 2785 516 2850 collecta.
537 2787 695 2849 memento
710 2804 794 2849 nunc
810 2785 1027 2856 clemen<ter>
1042 2787 1073 2846 te
1089 2782 1274 2867 adsignatae

139 2887 301 2956 athristo
330 2891 422 2955 nauis
452 2909 523 2956 esse
549 2893 721 2964 rectorem:
745 2891 796 2954 fac
820 2889 943 2973 cogites
967 2889 1141 2954 diabolicae
1165 2893 1274 2952 contu-

139 2995 247 3060 maciae
270 2997 404 3080 spiritus
428 2997 530 3079 quieti
552 2996 675 3062 itineris
699 3016 812 3061 secura
834 2998 998 3061 turbantes
1023 3015 1081 3061 neo
1104 2999 1136 3060 te
1154 2996 1275 3060 lateant

140 3097 244 3166 ductus
270 3104 475 3186 tempestatis
502 3104 652 3181 incertae,
675 3122 756 3185 qnos
781 3103 892 3187 euigili
915 3107 1019 3167 mente
1042 3102 1218 3184 prospicias
1243 3104 1275 3166 ct

103 3231 127 3271 a
142 3212 234 3273 erecta
253 3210 286 3273 in
310 3209 404 3274 deum
429 3209 552 3274 ratione
571 3227 766 3291 compescas.
787 3209 875 3274 nulla
893 3209 952 3274 tibi
972 3209 1135 3274 commissi
1153 3207 1274 3291 negotii
1298 3212 1317 3274 6

141 3315 331 3399 neglegentia
358 3316 486 3380 clauum
511 3315 688 3380 dominicae
710 3315 789 3381 ratis
814 3319 1014 3397 extorqueam
1038 3316 1119 3380 illud
1142 3314 1273 3378 unicum

218 3541 326 3595 illem.
349 3541 390 3604 10,
412 3541 445 3595 Ῑῦ

172 3664 438 3735 ltempestatiuaV,
459 3681 554 3735 comp
589 3665 873 3734 3enangelizanzinm
888 3665 915 3718 V
948 3667 1017 3732 4ap.
1035 3663 1272 3718 consentientes..

141 3766 166 3804 ao
182 3752 240 3807 edit.
256 3770 325 3822 rep:
343 3755 540 3808 consencientia
556 3753 667 3808 ..hanc
692 3753 718 3806 V
765 3753 1002 3822 dChristoualpo
1040 3754 1106 3806 lac
1126 3771 1153 3803 c:
1173 3751 1224 3805 hac
1251 3752 1276 3804 V

140 3839 274 3896 ddimissa
297 3842 329 3904 V,
348 3844 454 3898 correns·
524 3859 612 3912 neque
631 3841 670 3895 0²:
689 3843 854 3911 namqueV
907 3844 996 3910 liquo
1017 3859 1046 3894 a:
1067 3857 1097 3894 co
1122 3839 1148 3892 V
1209 3857 1272 3892 con-

139 3929 231 3984 cordari
252 3931 284 3995 V,
304 3948 374 3986 corr.
395 3931 488 3986 Corae
543 3932 696 4001 propositos
720 3931 751 3993 V,
772 3947 840 3986 corr.
861 3927 889 3983 ο2
943 3931 975 3984 10
994 3945 1032 3997 aq.
1054 3928 1229 3998 prouidencia
1244 3971 1271 3981 ..

139 4015 221 4072 diuina
241 4019 274 4084 V,
292 4037 363 4074 corr.
382 4018 410 4070 0²
465 4021 495 4072 11
517 4019 646 4073 dilectum
671 4019 703 4080 V,
722 4037 792 4074 corr.
813 4019 841 4071 0²
895 4019 929 4073 12
948 4019 1113 4089 snsscepisse
1137 4017 1164 4070 V
1225 4016 1272 4070 ob-

138 4105 240 4161 litdsV
311 4109 345 4162 14
363 4109 505 4163 ecclesiam
529 4107 560 4172 V,
580 4123 653 4172 corr,
669 4107 696 4159 οἳ
771 4107 803 4163 18
822 4109 914 4162 diuine
939 4107 969 4170 V,
989 4123 1058 4162 corr.
1077 4126 1092 4157 o
1165 4106 1196 4158 21
1219 4104 1272 4157 cle-

139 4199 233 4249 menter
248 4198 276 4251 te
294 4196 407 4265 scripsi:
425 4196 529 4250 clemen
547 4200 576 4249 te
599 4196 630 4260 V,
651 4197 799 4250 clementer
818 4215 831 4248 ο
900 4197 933 4250 22
954 4213 1012 4250 esse
1025 4197 1083 4249 ste>
1097 4194 1124 4246 0²
1177 4195 1211 4247 23
1230 4209 1272 4247 se-

141 4283 363 4354 rurap²:etcnra
380 4284 406 4337 V
440 4283 576 4338 turbantis
596 4283 628 4349 V,
647 4287 808 4340 corr.Ball.
826 4285 910 4338 l'nur.
928 4289 1034 4356 (neap)
1074 4285 1107 4338 25
1124 4285 1213 4336 erecta
1232 4280 1272 4334 0²:

139 4372 164 4422 te
180 4379 263 4428 erecta
288 4375 312 4427 V
382 4390 549 4442 compesscas
574 4375 608 4427 V:
627 4391 785 4443 compensas
807 4374 881 4440 Gar,
901 4390 1046 4444 componas
1069 4373 1159 4427 Cousl.

1168 4474 1220 4532 40⁸
