<?xml version="1.0" encoding="UTF-8"?>
<!DOCTYPE html PUBLIC "-//W3C//DTD XHTML 1.0 Transitional//EN"
    "http://www.w3.org/TR/xhtml1/DTD/xhtml1-transitional.dtd">
<html xmlns="http://www.w3.org/1999/xhtml" xml:lang="en" lang="en">
 <head>
  <title>
</title>
<meta http-equiv="Content-Type" content="text/html;charset=utf-8" />
  <meta name='ocr-system' content='tesseract 3.04.00' />
  <meta name='ocr-capabilities' content='ocr_page ocr_carea ocr_par ocr_line ocrx_word'/>
</head>
<body>
  <div class='ocr_page' id='page_1' title='image "./corpusscriptoru02wiengoog_0052.png"; bbox 0 0 3025 4975; ppageno 0'>
   <div class='ocr_carea' id='block_1_1' title="bbox 229 356 1133 433">
    <p class='ocr_par' dir='ltr' id='par_1_1' title="bbox 229 356 1133 433">
     <span class='ocr_line' id='line_1_1' title="bbox 229 356 1133 433; baseline -0.009 -16"><span class='ocrx_word' id='word_1_1' title='bbox 229 362 293 426; x_wconf 84' lang='lat'>532</span> <span class='ocrx_word' id='word_1_2' title='bbox 479 358 623 413; x_wconf 88' lang='lat' dir='ltr'>Hormisda</span> <span class='ocrx_word' id='word_1_3' title='bbox 641 358 756 412; x_wconf 86' lang='lat' dir='ltr'>Iohanni</span> <span class='ocrx_word' id='word_1_4' title='bbox 774 357 978 433; x_wconf 84' lang='lat' dir='ltr'>Nicopolitano;</span> <span class='ocrx_word' id='word_1_5' title='bbox 998 356 1133 411; x_wconf 86' lang='lat' dir='ltr'>indiculus</span> 
     </span>
    </p>
   </div>
   <div class='ocr_carea' id='block_1_2' title="bbox 176 552 1424 1152">
    <p class='ocr_par' dir='ltr' id='par_1_2' title="bbox 230 552 1376 639">
     <span class='ocr_line' id='line_1_2' title="bbox 230 552 1376 639; baseline -0.001 -21"><span class='ocrx_word' id='word_1_6' title='bbox 230 554 381 637; x_wconf 90' lang='lat' dir='ltr'>quicquid</span> <span class='ocrx_word' id='word_1_7' title='bbox 400 574 456 638; x_wconf 93' lang='lat' dir='ltr'>pro</span> <span class='ocrx_word' id='word_1_8' title='bbox 477 554 659 639; x_wconf 88' lang='lat' dir='ltr'>integritate</span> <span class='ocrx_word' id='word_1_9' title='bbox 678 552 752 618; x_wconf 88' lang='lat' dir='ltr'>fidei</span> <span class='ocrx_word' id='word_1_10' title='bbox 773 556 804 617; x_wconf 90' lang='lat' dir='ltr'>et</span> <span class='ocrx_word' id='word_1_11' title='bbox 822 552 997 618; x_wconf 70' lang='lat' dir='ltr'><strong>stabilitate</strong></span> <span class='ocrx_word' id='word_1_12' title='bbox 1015 552 1178 637; x_wconf 84' lang='lat' dir='ltr'>religionis</span> <span class='ocrx_word' id='word_1_13' title='bbox 1195 552 1376 619; x_wconf 80' lang='lat' dir='ltr'>adhibetur.</span> 
     </span>
    </p>

    <p class='ocr_par' dir='ltr' id='par_1_3' title="bbox 176 657 1424 1152">
     <span class='ocr_line' id='line_1_3' title="bbox 176 657 1376 741; baseline -0.001 -17"><span class='ocrx_word' id='word_1_14' title='bbox 176 657 310 725; x_wconf 89' lang='lat' dir='ltr'>llunde</span> <span class='ocrx_word' id='word_1_15' title='bbox 342 660 488 724; x_wconf 89' lang='lat' dir='ltr'>fibellum</span> <span class='ocrx_word' id='word_1_16' title='bbox 522 680 595 725; x_wconf 86' lang='lat' dir='ltr'>cum</span> <span class='ocrx_word' id='word_1_17' title='bbox 621 658 737 724; x_wconf 89' lang='lat' dir='ltr'>litteris</span> <span class='ocrx_word' id='word_1_18' title='bbox 766 657 924 734; x_wconf 84' lang='lat' dir='ltr'>misimus,</span> <span class='ocrx_word' id='word_1_19' title='bbox 954 658 1005 722; x_wconf 88' lang='lat' dir='ltr'>cui</span> <span class='ocrx_word' id='word_1_20' title='bbox 1033 677 1093 722; x_wconf 92' lang='lat' dir='ltr'>uos</span> <span class='ocrx_word' id='word_1_21' title='bbox 1124 658 1376 741; x_wconf 79' lang='lat' dir='ltr'>subscriptiones</span> 
     </span>
     <span class='ocr_line' id='line_1_4' title="bbox 227 764 1379 850; baseline -0.001 -19"><span class='ocrx_word' id='word_1_22' title='bbox 227 767 370 850; x_wconf 89' lang='lat' dir='ltr'>proprias</span> <span class='ocrx_word' id='word_1_23' title='bbox 402 770 580 849; x_wconf 71' lang='lat' dir='ltr'>(oportet)</span> <span class='ocrx_word' id='word_1_24' title='bbox 611 766 759 843; x_wconf 90' lang='lat' dir='ltr'>inserere,</span> <span class='ocrx_word' id='word_1_25' title='bbox 793 768 830 829; x_wconf 91' lang='lat' dir='ltr'>nt</span> <span class='ocrx_word' id='word_1_26' title='bbox 862 764 940 829; x_wconf 88' lang='lat' dir='ltr'>fides</span> <span class='ocrx_word' id='word_1_27' title='bbox 974 768 1091 842; x_wconf 90' lang='lat' dir='ltr'>uestra,</span> <span class='ocrx_word' id='word_1_28' title='bbox 1126 785 1221 847; x_wconf 90' lang='lat' dir='ltr'>quam</span> <span class='ocrx_word' id='word_1_29' title='bbox 1255 766 1379 830; x_wconf 84' lang='lat' dir='ltr'>directa</span> 
     </span>
     <span class='ocr_line' id='line_1_5' title="bbox 227 871 1377 957; baseline 0 -20"><span class='ocrx_word' id='word_1_30' title='bbox 227 892 283 957; x_wconf 91' lang='lat' dir='ltr'>per</span> <span class='ocrx_word' id='word_1_31' title='bbox 305 872 453 937; x_wconf 88' lang='lat' dir='ltr'>Rufinum</span> <span class='ocrx_word' id='word_1_32' title='bbox 479 873 642 937; x_wconf 89' lang='lat' dir='ltr'>diaconem</span> <span class='ocrx_word' id='word_1_33' title='bbox 667 873 786 955; x_wconf 89' lang='lat' dir='ltr'>scripta</span> <span class='ocrx_word' id='word_1_34' title='bbox 814 875 982 949; x_wconf 75' lang='lat' dir='ltr'>testantur,</span> <span class='ocrx_word' id='word_1_35' title='bbox 1012 871 1096 954; x_wconf 91' lang='lat' dir='ltr'>apud</span> <span class='ocrx_word' id='word_1_36' title='bbox 1119 891 1177 937; x_wconf 93' lang='lat' dir='ltr'>nos</span> <span class='ocrx_word' id='word_1_37' title='bbox 1199 871 1256 936; x_wconf 87' lang='lat' dir='ltr'>fiat</span> <span class='ocrx_word' id='word_1_38' title='bbox 1279 873 1377 937; x_wconf 92' lang='lat' dir='ltr'>huius</span> 
     </span>
     <span class='ocr_line' id='line_1_6' title="bbox 228 978 1424 1063; baseline -0.003 -20"><span class='ocrx_word' id='word_1_39' title='bbox 228 999 353 1063; x_wconf 90' lang='lat' dir='ltr'>quoque</span> <span class='ocrx_word' id='word_1_40' title='bbox 380 980 576 1063; x_wconf 85' lang='lat' dir='ltr'>repetitionis</span> <span class='ocrx_word' id='word_1_41' title='bbox 606 979 782 1044; x_wconf 89' lang='lat' dir='ltr'>adiectione</span> <span class='ocrx_word' id='word_1_42' title='bbox 806 978 1013 1043; x_wconf 83' lang='lat' dir='ltr'>manifestior.</span> <span class='ocrx_word' id='word_1_43' title='bbox 1068 979 1152 1043; x_wconf 89' lang='lat' dir='ltr'>Data</span> <span class='ocrx_word' id='word_1_44' title='bbox 1174 978 1277 1046; x_wconf 81' lang='lat' dir='ltr'>XVII.</span> <span class='ocrx_word' id='word_1_45' title='bbox 1301 979 1376 1043; x_wconf 86' lang='lat' dir='ltr'>Kal.</span> <span class='ocrx_word' id='word_1_46' title='bbox 1408 1001 1424 1040; x_wconf 78' lang='lat' dir='ltr'>s</span> 
     </span>
     <span class='ocr_line' id='line_1_7' title="bbox 228 1086 621 1152; baseline 0 -1"><span class='ocrx_word' id='word_1_47' title='bbox 228 1086 393 1152; x_wconf 87' lang='lat' dir='ltr'>Decembr.</span> <span class='ocrx_word' id='word_1_48' title='bbox 416 1087 510 1152; x_wconf 90' lang='lat' dir='ltr'>Petro</span> <span class='ocrx_word' id='word_1_49' title='bbox 535 1106 621 1151; x_wconf 80' lang='lat' dir='ltr'>cons,</span> 
     </span>
    </p>
   </div>
   <div class='ocr_carea' id='block_1_3' title="bbox 746 1278 854 1362">
    <p class='ocr_par' dir='ltr' id='par_1_4' title="bbox 746 1278 854 1362">
     <span class='ocr_line' id='line_1_8' title="bbox 746 1278 854 1362; baseline 0.009 -20"><span class='ocrx_word' id='word_1_50' title='bbox 746 1278 854 1362; x_wconf 82' lang='lat' dir='ltr'>(rar.)</span> 
     </span>
    </p>
   </div>
   <div class='ocr_carea' id='block_1_4' title="bbox 228 1422 1428 1912">
    <p class='ocr_par' dir='ltr' id='par_1_5' title="bbox 228 1422 1428 1912">
     <span class='ocr_line' id='line_1_9' title="bbox 272 1422 1381 1469; baseline 0.002 -2"><span class='ocrx_word' id='word_1_51' title='bbox 272 1423 428 1469; x_wconf 81' lang='lat' dir='ltr'>aonrrsna</span> <span class='ocrx_word' id='word_1_52' title='bbox 460 1423 593 1468; x_wconf 79' lang='lat' dir='ltr'>rosnnxr</span> <span class='ocrx_word' id='word_1_53' title='bbox 625 1422 775 1468; x_wconf 82' lang='lat' dir='ltr'>arrscoro</span> <span class='ocrx_word' id='word_1_54' title='bbox 808 1422 1049 1467; x_wconf 76' lang='lat' dir='ltr'>rucororrrnxo.</span> <span class='ocrx_word' id='word_1_55' title='bbox 1113 1422 1174 1467; x_wconf 81' lang='lat' dir='ltr'>ran</span> <span class='ocrx_word' id='word_1_56' title='bbox 1204 1423 1381 1469; x_wconf 66' lang='lat' dir='ltr'>rrrxxronxx</span> 
     </span>
     <span class='ocr_line' id='line_1_10' title="bbox 229 1510 1380 1593; baseline 0.001 -19"><span class='ocrx_word' id='word_1_57' title='bbox 229 1529 457 1577; x_wconf 77' lang='lat' dir='ltr'>soanrnoonux.</span> <span class='ocrx_word' id='word_1_58' title='bbox 522 1510 725 1587; x_wconf 90' lang='lat' dir='ltr'>Litterarum,</span> <span class='ocrx_word' id='word_1_59' title='bbox 755 1530 835 1592; x_wconf 89' lang='lat' dir='ltr'>quas</span> <span class='ocrx_word' id='word_1_60' title='bbox 864 1510 1014 1587; x_wconf 77' lang='lat' dir='ltr'>direxisti,</span> <span class='ocrx_word' id='word_1_61' title='bbox 1044 1510 1142 1576; x_wconf 85' lang='lat' dir='ltr'>series</span> <span class='ocrx_word' id='word_1_62' title='bbox 1166 1514 1199 1575; x_wconf 91' lang='lat' dir='ltr'>et</span> <span class='ocrx_word' id='word_1_63' title='bbox 1222 1511 1380 1593; x_wconf 83' lang='lat' dir='ltr'>expositio</span> 
     </span>
     <span class='ocr_line' id='line_1_11' title="bbox 228 1616 1428 1701; baseline 0.001 -21"><span class='ocrx_word' id='word_1_64' title='bbox 228 1618 302 1681; x_wconf 91' lang='lat' dir='ltr'>tuae</span> <span class='ocrx_word' id='word_1_65' title='bbox 326 1617 400 1681; x_wconf 89' lang='lat' dir='ltr'>fidei</span> <span class='ocrx_word' id='word_1_66' title='bbox 424 1618 615 1682; x_wconf 80' lang='lat' dir='ltr'>conrrenicus</span> <span class='ocrx_word' id='word_1_67' title='bbox 640 1617 725 1683; x_wconf 86' lang='lat' dir='ltr'>sedis</span> <span class='ocrx_word' id='word_1_68' title='bbox 750 1618 945 1701; x_wconf 86' lang='lat' dir='ltr'>apostolicae</span> <span class='ocrx_word' id='word_1_69' title='bbox 964 1616 1092 1681; x_wconf 87' lang='lat' dir='ltr'>iudiciis</span> <span class='ocrx_word' id='word_1_70' title='bbox 1111 1620 1237 1682; x_wconf 90' lang='lat' dir='ltr'>nostros</span> <span class='ocrx_word' id='word_1_71' title='bbox 1255 1616 1380 1681; x_wconf 90' lang='lat' dir='ltr'>animos</span> <span class='ocrx_word' id='word_1_72' title='bbox 1400 1642 1428 1682; x_wconf 78' lang='lat' dir='ltr'>xo</span> 
     </span>
     <span class='ocr_line' id='line_1_12' title="bbox 228 1722 1382 1808; baseline 0 -21"><span class='ocrx_word' id='word_1_73' title='bbox 228 1724 395 1789; x_wconf 90' lang='lat' dir='ltr'>releuauit.</span> <span class='ocrx_word' id='word_1_74' title='bbox 433 1726 482 1788; x_wconf 91' lang='lat' dir='ltr'>tt</span> <span class='ocrx_word' id='word_1_75' title='bbox 509 1724 632 1789; x_wconf 88' lang='lat' dir='ltr'>incitati</span> <span class='ocrx_word' id='word_1_76' title='bbox 661 1723 787 1808; x_wconf 87' lang='lat' dir='ltr'>gaudiis</span> <span class='ocrx_word' id='word_1_77' title='bbox 817 1722 957 1789; x_wconf 88' lang='lat' dir='ltr'>contenti</span> <span class='ocrx_word' id='word_1_78' title='bbox 983 1743 1045 1789; x_wconf 91' lang='lat' dir='ltr'>non</span> <span class='ocrx_word' id='word_1_79' title='bbox 1073 1723 1204 1791; x_wconf 87' lang='lat' dir='ltr'>fuimus.</span> <span class='ocrx_word' id='word_1_80' title='bbox 1232 1723 1294 1787; x_wconf 90' lang='lat' dir='ltr'>nisi</span> <span class='ocrx_word' id='word_1_81' title='bbox 1323 1743 1382 1805; x_wconf 88' lang='lat' dir='ltr'>per</span> 
     </span>
     <span class='ocr_line' id='line_1_13' title="bbox 229 1828 1383 1912; baseline 0 -20"><span class='ocrx_word' id='word_1_82' title='bbox 229 1828 408 1894; x_wconf 88' lang='lat' dir='ltr'>Pullionem</span> <span class='ocrx_word' id='word_1_83' title='bbox 433 1829 662 1896; x_wconf 83' lang='lat' dir='ltr'>subdiaconum</span> <span class='ocrx_word' id='word_1_84' title='bbox 688 1830 841 1894; x_wconf 89' lang='lat' dir='ltr'>ecclesiae</span> <span class='ocrx_word' id='word_1_85' title='bbox 860 1828 1030 1906; x_wconf 87' lang='lat' dir='ltr'>Romanae,</span> <span class='ocrx_word' id='word_1_86' title='bbox 1050 1828 1126 1912; x_wconf 90' lang='lat' dir='ltr'>quid</span> <span class='ocrx_word' id='word_1_87' title='bbox 1148 1828 1275 1909; x_wconf 87' lang='lat' dir='ltr'>plenius</span> <span class='ocrx_word' id='word_1_88' title='bbox 1294 1828 1383 1892; x_wconf 86' lang='lat' dir='ltr'>circa</span> 
     </span>
    </p>
   </div>
   <div class='ocr_carea' id='block_1_5' title="bbox 200 1934 1430 3400">
    <p class='ocr_par' dir='ltr' id='par_1_6' title="bbox 200 1934 1430 3400">
     <span class='ocr_line' id='line_1_14' title="bbox 230 1934 1383 2020; baseline -0.002 -21"><span class='ocrx_word' id='word_1_89' title='bbox 230 1954 289 1999; x_wconf 89' lang='lat' dir='ltr'>uos</span> <span class='ocrx_word' id='word_1_90' title='bbox 319 1938 475 2020; x_wconf 88' lang='lat' dir='ltr'>ageretur,</span> <span class='ocrx_word' id='word_1_91' title='bbox 504 1954 691 2019; x_wconf 89' lang='lat' dir='ltr'>cuperemus</span> <span class='ocrx_word' id='word_1_92' title='bbox 720 1953 901 2019; x_wconf 86' lang='lat' dir='ltr'>agnoscere,</span> <span class='ocrx_word' id='word_1_93' title='bbox 929 1952 1119 2017; x_wconf 88' lang='lat' dir='ltr'>magnopere</span> <span class='ocrx_word' id='word_1_94' title='bbox 1144 1934 1219 2015; x_wconf 90' lang='lat' dir='ltr'>quia</span> <span class='ocrx_word' id='word_1_95' title='bbox 1244 1934 1277 1998; x_wconf 91' lang='lat' dir='ltr'>in</span> <span class='ocrx_word' id='word_1_96' title='bbox 1299 1936 1383 1998; x_wconf 89' lang='lat' dir='ltr'>rela-</span> 
     </span>
     <span class='ocr_line' id='line_1_15' title="bbox 230 2040 1381 2126; baseline -0.001 -20"><span class='ocrx_word' id='word_1_97' title='bbox 230 2042 315 2108; x_wconf 86' lang='lat' dir='ltr'>tione</span> <span class='ocrx_word' id='word_1_98' title='bbox 349 2042 569 2124; x_wconf 89' lang='lat' dir='ltr'>episcoporum</span> <span class='ocrx_word' id='word_1_99' title='bbox 603 2042 662 2106; x_wconf 92' lang='lat' dir='ltr'>sub</span> <span class='ocrx_word' id='word_1_100' title='bbox 697 2041 893 2105; x_wconf 88' lang='lat' dir='ltr'>ordinatione</span> <span class='ocrx_word' id='word_1_101' title='bbox 922 2040 1062 2104; x_wconf 87' lang='lat' dir='ltr'>caritatis</span> <span class='ocrx_word' id='word_1_102' title='bbox 1090 2043 1165 2105; x_wconf 89' lang='lat' dir='ltr'>tuae</span> <span class='ocrx_word' id='word_1_103' title='bbox 1193 2040 1381 2126; x_wconf 88' lang='lat' dir='ltr'>degentium</span> 
     </span>
     <span class='ocr_line' id='line_1_16' title="bbox 230 2147 1429 2230; baseline 0.001 -17"><span class='ocrx_word' id='word_1_104' title='bbox 230 2168 290 2215; x_wconf 90' lang='lat' dir='ltr'>non</span> <span class='ocrx_word' id='word_1_105' title='bbox 317 2148 476 2225; x_wconf 89' lang='lat' dir='ltr'>uniuersa,</span> <span class='ocrx_word' id='word_1_106' title='bbox 497 2167 578 2230; x_wconf 87' lang='lat' dir='ltr'>quae</span> <span class='ocrx_word' id='word_1_107' title='bbox 603 2148 640 2213; x_wconf 84' lang='lat' dir='ltr'>ad</span> <span class='ocrx_word' id='word_1_108' title='bbox 665 2147 883 2213; x_wconf 85' lang='lat' dir='ltr'>ecclesiastica</span> <span class='ocrx_word' id='word_1_109' title='bbox 906 2148 1078 2211; x_wconf 91' lang='lat' dir='ltr'>constituta</span> <span class='ocrx_word' id='word_1_110' title='bbox 1102 2147 1271 2230; x_wconf 84' lang='lat' dir='ltr'>pertinent,</span> <span class='ocrx_word' id='word_1_111' title='bbox 1294 2148 1384 2213; x_wconf 91' lang='lat' dir='ltr'>sicut</span> <span class='ocrx_word' id='word_1_112' title='bbox 1403 2174 1429 2215; x_wconf 66' lang='grc' dir='ltr'>ιι</span> 
     </span>
     <span class='ocr_line' id='line_1_17' title="bbox 200 2255 1384 2339; baseline -0.003 -16"><span class='ocrx_word' id='word_1_113' title='bbox 200 2257 262 2323; x_wconf 87' lang='lat' dir='ltr'>2in</span> <span class='ocrx_word' id='word_1_114' title='bbox 286 2257 403 2323; x_wconf 87' lang='lat' dir='ltr'>uestra.</span> <span class='ocrx_word' id='word_1_115' title='bbox 428 2256 580 2339; x_wconf 88' lang='lat' dir='ltr'>leguntur</span> <span class='ocrx_word' id='word_1_116' title='bbox 603 2255 767 2320; x_wconf 89' lang='lat' dir='ltr'>euidenter</span> <span class='ocrx_word' id='word_1_117' title='bbox 796 2273 951 2338; x_wconf 86' lang='lat' dir='ltr'>expressa.</span> <span class='ocrx_word' id='word_1_118' title='bbox 1017 2255 1099 2319; x_wconf 91' lang='lat' dir='ltr'>unde</span> <span class='ocrx_word' id='word_1_119' title='bbox 1128 2258 1161 2318; x_wconf 91' lang='lat' dir='ltr'>et</span> <span class='ocrx_word' id='word_1_120' title='bbox 1186 2273 1243 2336; x_wconf 89' lang='lat' dir='ltr'>pro</span> <span class='ocrx_word' id='word_1_121' title='bbox 1271 2258 1384 2320; x_wconf 90' lang='lat' dir='ltr'>nostra</span> 
     </span>
     <span class='ocr_line' id='line_1_18' title="bbox 231 2361 1382 2446; baseline -0.001 -19"><span class='ocrx_word' id='word_1_122' title='bbox 231 2361 446 2427; x_wconf 91' lang='lat' dir='ltr'>sollicitudine</span> <span class='ocrx_word' id='word_1_123' title='bbox 467 2365 499 2426; x_wconf 92' lang='lat' dir='ltr'>et</span> <span class='ocrx_word' id='word_1_124' title='bbox 518 2362 644 2427; x_wconf 89' lang='lat' dir='ltr'>illorum</span> <span class='ocrx_word' id='word_1_125' title='bbox 663 2362 789 2446; x_wconf 88' lang='lat' dir='ltr'>integra</span> <span class='ocrx_word' id='word_1_126' title='bbox 807 2361 973 2427; x_wconf 90' lang='lat' dir='ltr'>uobiscum</span> <span class='ocrx_word' id='word_1_127' title='bbox 993 2361 1215 2426; x_wconf 86' lang='lat' dir='ltr'>coniunctione</span> <span class='ocrx_word' id='word_1_128' title='bbox 1231 2361 1382 2426; x_wconf 89' lang='lat' dir='ltr'>libellum</span> 
     </span>
     <span class='ocr_line' id='line_1_19' title="bbox 232 2467 1383 2552; baseline -0.001 -18"><span class='ocrx_word' id='word_1_129' title='bbox 232 2468 411 2548; x_wconf 82' lang='lat' dir='ltr'>direximus,</span> <span class='ocrx_word' id='word_1_130' title='bbox 446 2468 478 2533; x_wconf 90' lang='lat' dir='ltr'>in</span> <span class='ocrx_word' id='word_1_131' title='bbox 512 2489 573 2552; x_wconf 89' lang='lat' dir='ltr'>quo</span> <span class='ocrx_word' id='word_1_132' title='bbox 607 2489 661 2534; x_wconf 91' lang='lat' dir='ltr'>eos</span> <span class='ocrx_word' id='word_1_133' title='bbox 695 2471 820 2552; x_wconf 84' lang='lat' dir='ltr'>oportet</span> <span class='ocrx_word' id='word_1_134' title='bbox 853 2467 966 2533; x_wconf 91' lang='lat' dir='ltr'>debere</span> <span class='ocrx_word' id='word_1_135' title='bbox 999 2467 1207 2546; x_wconf 83' lang='lat' dir='ltr'>subscribere,</span> <span class='ocrx_word' id='word_1_136' title='bbox 1241 2468 1315 2550; x_wconf 89' lang='lat' dir='ltr'>quia</span> <span class='ocrx_word' id='word_1_137' title='bbox 1347 2474 1383 2533; x_wconf 91' lang='lat' dir='ltr'>et</span> 
     </span>
     <span class='ocr_line' id='line_1_20' title="bbox 231 2574 1382 2658; baseline -0.002 -16"><span class='ocrx_word' id='word_1_138' title='bbox 231 2595 340 2642; x_wconf 91' lang='lat' dir='ltr'>omnes</span> <span class='ocrx_word' id='word_1_139' title='bbox 365 2574 544 2641; x_wconf 88' lang='lat' dir='ltr'>sacerdotes</span> <span class='ocrx_word' id='word_1_140' title='bbox 568 2579 746 2641; x_wconf 87' lang='lat' dir='ltr'>uestrarum</span> <span class='ocrx_word' id='word_1_141' title='bbox 772 2577 920 2658; x_wconf 89' lang='lat' dir='ltr'>partium,</span> <span class='ocrx_word' id='word_1_142' title='bbox 945 2576 1000 2657; x_wconf 89' lang='lat' dir='ltr'>qui</span> <span class='ocrx_word' id='word_1_143' title='bbox 1019 2575 1058 2639; x_wconf 92' lang='lat' dir='ltr'>ad</span> <span class='ocrx_word' id='word_1_144' title='bbox 1077 2575 1163 2639; x_wconf 86' lang='lat' dir='ltr'>sedis</span> <span class='ocrx_word' id='word_1_145' title='bbox 1183 2575 1382 2658; x_wconf 89' lang='lat' dir='ltr'>apostolicae</span> 
     </span>
     <span class='ocr_line' id='line_1_21' title="bbox 231 2681 1429 2766; baseline 0 -18"><span class='ocrx_word' id='word_1_146' title='bbox 231 2683 537 2757; x_wconf 85' lang='lat' dir='ltr'>commu&lt;nio&gt;nem</span> <span class='ocrx_word' id='word_1_147' title='bbox 559 2683 678 2748; x_wconf 91' lang='lat' dir='ltr'>reuersi</span> <span class='ocrx_word' id='word_1_148' title='bbox 702 2686 788 2759; x_wconf 86' lang='lat' dir='ltr'>sunt,</span> <span class='ocrx_word' id='word_1_149' title='bbox 812 2682 844 2746; x_wconf 93' lang='lat' dir='ltr'>in</span> <span class='ocrx_word' id='word_1_150' title='bbox 868 2682 977 2747; x_wconf 89' lang='lat' dir='ltr'>eadem</span> <span class='ocrx_word' id='word_1_151' title='bbox 1000 2681 1195 2766; x_wconf 88' lang='lat' dir='ltr'>professione</span> <span class='ocrx_word' id='word_1_152' title='bbox 1219 2681 1382 2764; x_wconf 90' lang='lat' dir='ltr'>subscrip·</span> <span class='ocrx_word' id='word_1_153' title='bbox 1402 2710 1429 2748; x_wconf 79' lang='lat' dir='ltr'>ao</span> 
     </span>
     <span class='ocr_line' id='line_1_22' title="bbox 200 2788 1381 2872; baseline 0 -18"><span class='ocrx_word' id='word_1_154' title='bbox 200 2793 350 2872; x_wconf 87' lang='lat' dir='ltr'>3serunt.</span> <span class='ocrx_word' id='word_1_155' title='bbox 388 2789 451 2854; x_wconf 90' lang='lat' dir='ltr'>ista</span> <span class='ocrx_word' id='word_1_156' title='bbox 475 2790 598 2866; x_wconf 88' lang='lat' dir='ltr'>caritas,</span> <span class='ocrx_word' id='word_1_157' title='bbox 623 2789 685 2854; x_wconf 90' lang='lat' dir='ltr'>ista</span> <span class='ocrx_word' id='word_1_158' title='bbox 709 2789 886 2853; x_wconf 88' lang='lat' dir='ltr'>communis</span> <span class='ocrx_word' id='word_1_159' title='bbox 915 2788 1029 2853; x_wconf 83' lang='lat' dir='ltr'>salutis</span> <span class='ocrx_word' id='word_1_160' title='bbox 1058 2788 1209 2852; x_wconf 90' lang='lat' dir='ltr'>excitauit</span> <span class='ocrx_word' id='word_1_161' title='bbox 1231 2788 1381 2854; x_wconf 89' lang='lat' dir='ltr'>ambitio:</span> 
     </span>
     <span class='ocr_line' id='line_1_23' title="bbox 231 2893 1384 2980; baseline 0.002 -22"><span class='ocrx_word' id='word_1_162' title='bbox 231 2894 317 2976; x_wconf 87' lang='lat' dir='ltr'>quod</span> <span class='ocrx_word' id='word_1_163' title='bbox 346 2896 438 2960; x_wconf 88' lang='lat' dir='ltr'>oredo</span> <span class='ocrx_word' id='word_1_164' title='bbox 467 2898 499 2960; x_wconf 88' lang='lat' dir='ltr'>et</span> <span class='ocrx_word' id='word_1_165' title='bbox 526 2897 754 2960; x_wconf 81' lang='lat' dir='ltr'>fraternitatem</span> <span class='ocrx_word' id='word_1_166' title='bbox 784 2898 922 2959; x_wconf 88' lang='lat' dir='ltr'>uestram</span> <span class='ocrx_word' id='word_1_167' title='bbox 948 2899 1107 2980; x_wconf 86' lang='lat' dir='ltr'>gratanter</span> <span class='ocrx_word' id='word_1_168' title='bbox 1130 2893 1281 2978; x_wconf 89' lang='lat' dir='ltr'>accipere,</span> <span class='ocrx_word' id='word_1_169' title='bbox 1305 2897 1384 2978; x_wconf 90' lang='lat' dir='ltr'>quia</span> 
     </span>
     <span class='ocr_line' id='line_1_24' title="bbox 231 3001 1382 3087; baseline 0.003 -22"><span class='ocrx_word' id='word_1_170' title='bbox 231 3002 286 3065; x_wconf 89' lang='lat' dir='ltr'>ubi</span> <span class='ocrx_word' id='word_1_171' title='bbox 311 3001 349 3066; x_wconf 86' lang='lat' dir='ltr'>de</span> <span class='ocrx_word' id='word_1_172' title='bbox 374 3003 546 3066; x_wconf 89' lang='lat' dir='ltr'>animarum</span> <span class='ocrx_word' id='word_1_173' title='bbox 570 3002 675 3067; x_wconf 88' lang='lat' dir='ltr'>salute</span> <span class='ocrx_word' id='word_1_174' title='bbox 698 3021 748 3066; x_wconf 88' lang='lat' dir='ltr'>res</span> <span class='ocrx_word' id='word_1_175' title='bbox 775 3002 903 3087; x_wconf 87' lang='lat' dir='ltr'>geritur,</span> <span class='ocrx_word' id='word_1_176' title='bbox 924 3001 1024 3066; x_wconf 90' lang='lat' dir='ltr'>studii</span> <span class='ocrx_word' id='word_1_177' title='bbox 1046 3002 1095 3066; x_wconf 91' lang='lat' dir='ltr'>tui</span> <span class='ocrx_word' id='word_1_178' title='bbox 1117 3002 1171 3066; x_wconf 91' lang='lat' dir='ltr'>uel</span> <span class='ocrx_word' id='word_1_179' title='bbox 1193 3001 1382 3068; x_wconf 89' lang='lat' dir='ltr'>intentionis</span> 
     </span>
     <span class='ocr_line' id='line_1_25' title="bbox 232 3107 1384 3189; baseline 0.003 -18"><span class='ocrx_word' id='word_1_180' title='bbox 232 3107 327 3172; x_wconf 88' lang='lat' dir='ltr'>debes</span> <span class='ocrx_word' id='word_1_181' title='bbox 362 3125 489 3189; x_wconf 88' lang='lat' dir='ltr'>operam</span> <span class='ocrx_word' id='word_1_182' title='bbox 523 3109 731 3186; x_wconf 88' lang='lat' dir='ltr'>commodare,</span> <span class='ocrx_word' id='word_1_183' title='bbox 765 3112 803 3172; x_wconf 90' lang='lat' dir='ltr'>ut</span> <span class='ocrx_word' id='word_1_184' title='bbox 835 3108 1046 3173; x_wconf 87' lang='lat' dir='ltr'>antecedendo</span> <span class='ocrx_word' id='word_1_185' title='bbox 1079 3108 1218 3173; x_wconf 88' lang='lat' dir='ltr'>fructum</span> <span class='ocrx_word' id='word_1_186' title='bbox 1251 3108 1289 3172; x_wconf 92' lang='lat' dir='ltr'>de</span> <span class='ocrx_word' id='word_1_187' title='bbox 1321 3109 1384 3174; x_wconf 91' lang='lat' dir='ltr'>tali</span> 
     </span>
     <span class='ocr_line' id='line_1_26' title="bbox 201 3214 1430 3301; baseline 0.004 -23"><span class='ocrx_word' id='word_1_188' title='bbox 201 3214 335 3301; x_wconf 84' lang='lat' dir='ltr'>4possis</span> <span class='ocrx_word' id='word_1_189' title='bbox 359 3215 453 3279; x_wconf 88' lang='lat' dir='ltr'>laude</span> <span class='ocrx_word' id='word_1_190' title='bbox 476 3216 646 3298; x_wconf 88' lang='lat' dir='ltr'>percipere.</span> <span class='ocrx_word' id='word_1_191' title='bbox 697 3215 876 3279; x_wconf 87' lang='lat' dir='ltr'>Pollionem</span> <span class='ocrx_word' id='word_1_192' title='bbox 899 3215 1096 3296; x_wconf 87' lang='lat' dir='ltr'>praedictum</span> <span class='ocrx_word' id='word_1_193' title='bbox 1121 3234 1194 3278; x_wconf 89' lang='lat' dir='ltr'>cum</span> <span class='ocrx_word' id='word_1_194' title='bbox 1217 3214 1383 3298; x_wconf 86' lang='lat' dir='ltr'>rescriptis</span> <span class='ocrx_word' id='word_1_195' title='bbox 1403 3242 1430 3283; x_wconf 75' lang='lat' dir='ltr'>aa</span> 
     </span>
     <span class='ocr_line' id='line_1_27' title="bbox 232 3320 1382 3400; baseline 0 -14"><span class='ocrx_word' id='word_1_196' title='bbox 232 3321 372 3386; x_wconf 84' lang='lat' dir='ltr'>caritatis</span> <span class='ocrx_word' id='word_1_197' title='bbox 401 3324 525 3385; x_wconf 90' lang='lat' dir='ltr'>uestrae</span> <span class='ocrx_word' id='word_1_198' title='bbox 555 3321 595 3386; x_wconf 92' lang='lat' dir='ltr'>ad</span> <span class='ocrx_word' id='word_1_199' title='bbox 622 3340 679 3386; x_wconf 90' lang='lat' dir='ltr'>nos</span> <span class='ocrx_word' id='word_1_200' title='bbox 707 3321 839 3386; x_wconf 88' lang='lat' dir='ltr'>iuuante</span> <span class='ocrx_word' id='word_1_201' title='bbox 864 3322 922 3387; x_wconf 91' lang='lat' dir='ltr'>deo</span> <span class='ocrx_word' id='word_1_202' title='bbox 947 3320 1007 3388; x_wconf 93' lang='lat' dir='ltr'>sub</span> <span class='ocrx_word' id='word_1_203' title='bbox 1032 3321 1192 3385; x_wconf 89' lang='lat' dir='ltr'>celeritate</span> <span class='ocrx_word' id='word_1_204' title='bbox 1215 3321 1382 3400; x_wconf 88' lang='lat' dir='ltr'>remittite,</span> 
     </span>
    </p>
   </div>
   <div class='ocr_carea' id='block_1_6' title="bbox 232 3559 1385 4343">
    <p class='ocr_par' dir='ltr' id='par_1_7' title="bbox 232 3559 1383 3792">
     <span class='ocr_line' id='line_1_28' title="bbox 268 3559 1383 3630; baseline 0.003 -15"><span class='ocrx_word' id='word_1_205' title='bbox 268 3561 284 3615; x_wconf 85' lang='lat'>3</span> <span class='ocrx_word' id='word_1_206' title='bbox 304 3563 411 3630; x_wconf 89' lang='lat' dir='ltr'>oportet</span> <span class='ocrx_word' id='word_1_207' title='bbox 430 3559 530 3613; x_wconf 77' lang='lat' dir='ltr'>reddidi</span> <span class='ocrx_word' id='word_1_208' title='bbox 548 3577 580 3614; x_wconf 78' lang='lat' dir='ltr'>cae</span> <span class='ocrx_word' id='word_1_209' title='bbox 598 3561 754 3616; x_wconf 79' lang='lat' dir='ltr'>coniectura</span> <span class='ocrx_word' id='word_1_210' title='bbox 774 3561 910 3615; x_wconf 80' lang='lat' dir='ltr'>editorum</span> <span class='ocrx_word' id='word_1_211' title='bbox 928 3561 1005 3615; x_wconf 82' lang='lat' dir='ltr'>Ball.</span> <span class='ocrx_word' id='word_1_212' title='bbox 1025 3563 1050 3615; x_wconf 87' lang='grc' dir='ltr'><em>Τ</em></span> <span class='ocrx_word' id='word_1_213' title='bbox 1049 3579 1109 3616; x_wconf 80' lang='lat' dir='ltr'>aar.</span> <span class='ocrx_word' id='word_1_214' title='bbox 1183 3563 1295 3617; x_wconf 87' lang='lat' dir='ltr'>inserite</span> <span class='ocrx_word' id='word_1_215' title='bbox 1307 3562 1383 3619; x_wconf 85' lang='lat' dir='ltr'>Bar.</span> 
     </span>
     <span class='ocr_line' id='line_1_29' title="bbox 232 3647 1382 3720; baseline 0.002 -16"><span class='ocrx_word' id='word_1_216' title='bbox 232 3649 434 3718; x_wconf 77' lang='lat' dir='ltr'>brepiticiouis</span> <span class='ocrx_word' id='word_1_217' title='bbox 459 3647 483 3701; x_wconf 86' lang='lat' dir='ltr'><em>V</em></span> <span class='ocrx_word' id='word_1_218' title='bbox 579 3649 1151 3720; x_wconf 72' lang='lat' dir='ltr'>xr·11scrapsi(cf.Beitriipcp.9).·xm</span> <span class='ocrx_word' id='word_1_219' title='bbox 1174 3651 1201 3704; x_wconf 78' lang='lat' dir='ltr'><strong><em>V</em></strong></span> <span class='ocrx_word' id='word_1_220' title='bbox 1294 3651 1382 3706; x_wconf 86' lang='lat' dir='ltr'>dde-</span> 
     </span>
     <span class='ocr_line' id='line_1_30' title="bbox 232 3737 413 3792; baseline -0.017 0"><span class='ocrx_word' id='word_1_221' title='bbox 232 3737 362 3792; x_wconf 84' lang='lat' dir='ltr'>cembriar</span> <span class='ocrx_word' id='word_1_222' title='bbox 386 3737 413 3790; x_wconf 87' lang='lat' dir='ltr'><strong><em>V</em></strong></span> 
     </span>
    </p>

    <p class='ocr_par' dir='ltr' id='par_1_8' title="bbox 232 3825 1385 4343">
     <span class='ocr_line' id='line_1_31' title="bbox 269 3825 1385 3899; baseline 0.004 -19"><span class='ocrx_word' id='word_1_223' title='bbox 269 3825 335 3881; x_wconf 86' lang='grc'>121.</span> <span class='ocrx_word' id='word_1_224' title='bbox 409 3826 477 3880; x_wconf 85' lang='lat' dir='ltr'>Dat.</span> <span class='ocrx_word' id='word_1_225' title='bbox 498 3828 594 3893; x_wconf 75' lang='lat' dir='ltr'>(sirrrul</span> <span class='ocrx_word' id='word_1_226' title='bbox 616 3843 676 3882; x_wconf 85' lang='lat' dir='ltr'>cum</span> <span class='ocrx_word' id='word_1_227' title='bbox 699 3827 822 3882; x_wconf 68' lang='lat' dir='ltr'>inrdiculo</span> <span class='ocrx_word' id='word_1_228' title='bbox 847 3845 888 3897; x_wconf 84' lang='lat' dir='ltr'>ep.</span> <span class='ocrx_word' id='word_1_229' title='bbox 911 3831 979 3897; x_wconf 81' lang='lat'><em>122)</em></span> <span class='ocrx_word' id='word_1_230' title='bbox 1001 3847 1027 3882; x_wconf 86' lang='lat' dir='ltr'>u.</span> <span class='ocrx_word' id='word_1_231' title='bbox 1050 3830 1385 3899; x_wconf 60' lang='lat' dir='ltr'>transimennum</span> 
     </span>
     <span class='ocr_line' id='line_1_32' title="bbox 232 3915 1384 3986; baseline 0.004 -18"><span class='ocrx_word' id='word_1_232' title='bbox 232 3915 396 3969; x_wconf 80' lang='lat' dir='ltr'>Pollionem.</span> <span class='ocrx_word' id='word_1_233' title='bbox 451 3915 525 3968; x_wconf 82' lang='lat' dir='ltr'>Edd.</span> <span class='ocrx_word' id='word_1_234' title='bbox 548 3917 610 3970; x_wconf 87' lang='lat' dir='ltr'>Cur.</span> <span class='ocrx_word' id='word_1_235' title='bbox 629 3915 660 3968; x_wconf 71' lang='lat' dir='ltr'><strong><em>P</em></strong></span> <span class='ocrx_word' id='word_1_236' title='bbox 680 3919 753 3982; x_wconf 81' lang='lat'><em>453;</em></span> <span class='ocrx_word' id='word_1_237' title='bbox 771 3916 840 3970; x_wconf 83' lang='lat' dir='ltr'>Bar.</span> <span class='ocrx_word' id='word_1_238' title='bbox 860 3917 900 3970; x_wconf 82' lang='lat' dir='ltr'>ad</span> <span class='ocrx_word' id='word_1_239' title='bbox 918 3935 943 3970; x_wconf 89' lang='lat' dir='ltr'>a.</span> <span class='ocrx_word' id='word_1_240' title='bbox 967 3920 1027 3977; x_wconf 83' lang='lat'>516,</span> <span class='ocrx_word' id='word_1_241' title='bbox 1054 3921 1105 3982; x_wconf 82' lang='lat'>62,·</span> <span class='ocrx_word' id='word_1_242' title='bbox 1132 3917 1240 3973; x_wconf 82' lang='lat' dir='ltr'>Collect.</span> <span class='ocrx_word' id='word_1_243' title='bbox 1263 3919 1384 3986; x_wconf 74' lang='lat' dir='ltr'>Corruit,-</span> 
     </span>
     <span class='ocr_line' id='line_1_33' title="bbox 234 4002 1383 4075; baseline 0.004 -19"><span class='ocrx_word' id='word_1_244' title='bbox 234 4002 316 4056; x_wconf 81' lang='lat' dir='ltr'>BYA</span> <span class='ocrx_word' id='word_1_245' title='bbox 335 4003 356 4056; x_wconf 90' lang='grc' dir='ltr'><em>Ι</em></span> <span class='ocrx_word' id='word_1_246' title='bbox 366 4007 440 4070; x_wconf 83' lang='grc'><em>385;</em></span> <span class='ocrx_word' id='word_1_247' title='bbox 457 4003 535 4058; x_wconf 82' lang='lat' dir='ltr'>Ybiet</span> <span class='ocrx_word' id='word_1_248' title='bbox 552 4008 618 4058; x_wconf 81' lang='grc'><strong><em>780.</em></strong></span> <span class='ocrx_word' id='word_1_249' title='bbox 656 4005 778 4059; x_wconf 73' lang='lat' dir='ltr'>Stornnr</span> <span class='ocrx_word' id='word_1_250' title='bbox 796 4005 823 4059; x_wconf 78' lang='lat' dir='ltr'><strong><em>V</em></strong></span> <span class='ocrx_word' id='word_1_251' title='bbox 874 4023 922 4075; x_wconf 89' lang='lat' dir='ltr'>per</span> <span class='ocrx_word' id='word_1_252' title='bbox 935 4006 1077 4060; x_wconf 86' lang='lat' dir='ltr'>Pufionem</span> <span class='ocrx_word' id='word_1_253' title='bbox 1093 4008 1168 4073; x_wconf 61' lang='grc' dir='ltr'>(εἰσί)</span> <span class='ocrx_word' id='word_1_254' title='bbox 1185 4007 1383 4061; x_wconf 89' lang='lat' dir='ltr'>subdiaconum</span> 
     </span>
     <span class='ocr_line' id='line_1_34' title="bbox 235 4093 1382 4164; baseline 0.003 -19"><span class='ocrx_word' id='word_1_255' title='bbox 235 4093 392 4146; x_wconf 82' lang='lat' dir='ltr'>charactere</span> <span class='ocrx_word' id='word_1_256' title='bbox 408 4094 555 4147; x_wconf 79' lang='lat' dir='ltr'>minutiore</span> <span class='ocrx_word' id='word_1_257' title='bbox 578 4093 650 4148; x_wconf 78' lang='lat' dir='ltr'>Via</span> <span class='ocrx_word' id='word_1_258' title='bbox 668 4110 752 4163; x_wconf 73' lang='lat' dir='ltr'>rnarp.</span> <span class='ocrx_word' id='word_1_259' title='bbox 829 4095 859 4148; x_wconf 94' lang='lat' dir='ltr'>ll</span> <span class='ocrx_word' id='word_1_260' title='bbox 874 4097 944 4162; x_wconf 78' lang='lat' dir='ltr'>sort.</span> <span class='ocrx_word' id='word_1_261' title='bbox 959 4095 1037 4148; x_wconf 63' lang='lat' dir='ltr'>&lt;sech</span> <span class='ocrx_word' id='word_1_262' title='bbox 1049 4100 1092 4148; x_wconf 88' lang='lat' dir='ltr'>tot</span> <span class='ocrx_word' id='word_1_263' title='bbox 1174 4097 1324 4164; x_wconf 89' lang='lat' dir='ltr'>contempti</span> <span class='ocrx_word' id='word_1_264' title='bbox 1349 4097 1382 4157; x_wconf 87' lang='lat' dir='ltr'>V,</span> 
     </span>
     <span class='ocr_line' id='line_1_35' title="bbox 235 4179 1382 4256; baseline 0.004 -22"><span class='ocrx_word' id='word_1_265' title='bbox 235 4196 304 4236; x_wconf 85' lang='lat' dir='ltr'>corr.</span> <span class='ocrx_word' id='word_1_266' title='bbox 324 4179 350 4251; x_wconf 82' lang='lat' dir='ltr'>p²</span> <span class='ocrx_word' id='word_1_267' title='bbox 441 4183 475 4236; x_wconf 87' lang='lat'>14</span> <span class='ocrx_word' id='word_1_268' title='bbox 498 4181 679 4236; x_wconf 86' lang='lat' dir='ltr'>ordinacionis</span> <span class='ocrx_word' id='word_1_269' title='bbox 708 4183 739 4246; x_wconf 73' lang='lat' dir='ltr'>V,</span> <span class='ocrx_word' id='word_1_270' title='bbox 763 4200 834 4238; x_wconf 86' lang='lat' dir='ltr'>corr.</span> <span class='ocrx_word' id='word_1_271' title='bbox 858 4185 884 4255; x_wconf 70' lang='grc' dir='ltr'>ρ’2</span> <span class='ocrx_word' id='word_1_272' title='bbox 974 4186 1008 4238; x_wconf 85' lang='grc'>20</span> <span class='ocrx_word' id='word_1_273' title='bbox 1032 4201 1197 4238; x_wconf 87' lang='lat' dir='ltr'>communem</span> <span class='ocrx_word' id='word_1_274' title='bbox 1220 4183 1253 4248; x_wconf 89' lang='lat' dir='ltr'>V,</span> <span class='ocrx_word' id='word_1_275' title='bbox 1277 4201 1382 4256; x_wconf 70' lang='lat' dir='ltr'>comp</span> 
     </span>
     <span class='ocr_line' id='line_1_36' title="bbox 234 4270 822 4343; baseline 0.007 -21"><span class='ocrx_word' id='word_1_276' title='bbox 234 4270 268 4323; x_wconf 89' lang='grc'>22</span> <span class='ocrx_word' id='word_1_277' title='bbox 289 4270 360 4340; x_wconf 89' lang='lat' dir='ltr'>quod</span> <span class='ocrx_word' id='word_1_278' title='bbox 384 4271 421 4324; x_wconf 80' lang='lat' dir='ltr'>V.-</span> <span class='ocrx_word' id='word_1_279' title='bbox 438 4271 503 4335; x_wconf 75' lang='lat' dir='ltr'>fort.</span> <span class='ocrx_word' id='word_1_280' title='bbox 523 4289 590 4341; x_wconf 88' lang='lat' dir='ltr'>quac</span> <span class='ocrx_word' id='word_1_281' title='bbox 646 4274 772 4343; x_wconf 75' lang='lat' dir='ltr'>asponis</span> <span class='ocrx_word' id='word_1_282' title='bbox 797 4272 822 4325; x_wconf 79' lang='lat' dir='ltr'>i&#39;</span> 
     </span>
    </p>
   </div>
   <div class='ocr_carea' id='block_1_7' title="bbox 0 0 1533 4975">
    <p class='ocr_par' dir='ltr' id='par_1_9' title="bbox 0 0 1533 4975">
     <span class='ocr_line' id='line_1_37' title="bbox 0 0 1533 4975; baseline 0 0"><span class='ocrx_word' id='word_1_283' title='bbox 0 0 1533 4975; x_wconf 95' lang='lat' dir='ltr'> </span> 
     </span>
    </p>
   </div>
  </div>
 </body>
</html>
