3025 4975
410 439 497 509 Epist.
517 438 651 492 CXXXXI
671 440 683 491 1
705 470 739 477 —
760 438 921 494 CXXXXIII
941 438 965 493 2.
1197 444 1259 508 587

129 657 194 702 suae
212 638 333 701 cultum
353 634 538 717 praestabit,
558 634 643 698 sicut
662 638 821 715 optamus,
839 635 998 699 affectum.
1059 637 1263 720 significastis
1287 634 1307 695 3

128 742 293 807 uolentibus
322 744 355 805 et
384 740 604 804 recusantibus
632 740 725 803 nobis
753 741 878 823 imperii
906 741 1030 822 pondus
1057 742 1262 825 impositum:

129 868 182 931 qua
201 848 320 913 ratione
344 848 464 911 electos
488 866 546 911 nos
566 848 695 911 caelesti
716 850 842 911 constat
862 867 932 911 esse
950 848 1068 913 iudicio
1089 849 1264 913 secuudum

129 956 296 1039 apostolum
312 954 487 1018 dicentem:
507 972 582 1017 non
607 956 670 1016 est
691 957 881 1034 potestas
906 954 986 1018 nisi
1010 975 1028 1017 a
1052 955 1139 1031 deo;
1164 975 1263 1037 quae

105 1065 247 1126 cautem
274 1066 432 1138 (sunt),
452 1080 470 1123 a
493 1060 564 1125 deo
588 1061 804 1124 ordinatae
828 1065 932 1125 suut.
957 1064 1102 1145 superest
1121 1062 1262 1127 utadeo

129 1170 221 1247 electi,
255 1168 339 1232 sicut
372 1176 404 1232 et
436 1168 604 1245 credimus,
640 1167 803 1245 ecclesiae,
833 1187 927 1250 quarn
955 1168 1097 1233 laborare
1126 1170 1263 1246 cernitis,

129 1294 230 1338 manus
257 1279 385 1340 uestrae
419 1275 534 1338 solatia
568 1275 750 1357 porrigatis.
780 1279 916 1351 cessent,
945 1276 1000 1357 qui
1023 1276 1093 1357 paci
1118 1276 1186 1341 eius
1211 1276 1308 1339 obal

131 1382 252 1457 sistunt;
282 1381 456 1463 quiescant,
488 1382 542 1463 qui
569 1382 602 1446 in
630 1384 731 1446 forma
758 1386 923 1464 pastorum
952 1388 1105 1447 conantur
1137 1403 1265 1467 gregem

132 1488 235 1551 Christi
251 1488 449 1572 dispergere!
466 1489 602 1552 istorum
619 1489 772 1552 correctio
789 1489 873 1552 uires
888 1490 988 1553 uestri
1008 1490 1112 1553 firmat
1130 1490 1264 1572 imperii,

99 1615 118 1651 n
133 1595 197 1675 quia
221 1595 275 1658 ubi
305 1595 383 1659 deus
407 1599 493 1659 recte
518 1595 643 1671 colitur,
669 1595 844 1659 aduersitas
868 1616 928 1659 nou
953 1596 1083 1660 babebit
1106 1596 1264 1659 effectum.

132 1700 200 1763 hauc
215 1702 434 1784 gratulationis
450 1704 599 1785 paginam
613 1722 669 1783 per
686 1702 898 1766 Alexandrum
918 1723 951 1766 u.
972 1722 996 1768 s.
1017 1721 1077 1768 non
1098 1704 1265 1767 omisimus
1290 1706 1308 1765 5

135 1806 285 1886 destinare,
311 1812 475 1891 sperantes
499 1828 572 1872 cum
592 1808 643 1873 dei
663 1810 764 1873 nostri
784 1809 941 1874 adiutorio
960 1828 1016 1892 per
1035 1808 1168 1873 Gratum
1187 1829 1218 1873 ιι.
1240 1828 1264 1875 s

135 1911 222 1978 lilium
247 1918 393 1980 nostrum
421 1916 460 1979 de
488 1916 637 1999 singulis,
667 1936 749 1998 quae
779 1916 817 1979 ad
841 1917 997 1980 unitatem
1022 1916 1175 1980 ecelesiae
1198 1935 1267 1997 per-

136 2020 232 2098 tinent,
262 2041 319 2086 nos
354 2022 541 2087 clementiae
573 2028 699 2087 uestrae
731 2023 931 2106 praebituros
965 2042 1035 2087 esse
1067 2042 1265 2105 responsum.

106 2240 125 2276 a
642 2214 749 2298 (ua.)

174 2356 304 2402 rrsrrrus
327 2356 489 2402 aucusrrs
513 2358 690 2403 uonmsuna
713 2358 831 2401 rurus.
899 2339 1055 2403 lohannes
1078 2340 1129 2403 uir
1151 2340 1266 2403 beatis-

138 2442 232 2521 simus,
263 2445 359 2510 buius
391 2446 497 2528 regiae
530 2446 618 2511 urbis
651 2446 796 2523 antistes
830 2448 863 2511 et
895 2446 990 2510 ceteri
1023 2446 1086 2512 uiri
1122 2447 1266 2532 religiosi

138 2550 258 2634 episcopi
285 2553 323 2617 de
353 2553 489 2616 diuersis
518 2552 598 2616 locis
628 2555 659 2616 et
689 2552 875 2616 ciuitatibus
905 2552 956 2616 hic
984 2552 1102 2634 reperti
1124 2557 1265 2618 nostram

137 2659 319 2724 serenitatem
353 2659 530 2723 docuerunt
561 2678 617 2741 pro
652 2659 819 2723 concordia
850 2677 959 2723 ueram
992 2665 1024 2724 ct
1061 2661 1265 2725 orthodoxam

104 2760 214 2827 afilem
236 2767 407 2831 colentium
430 2785 548 2848 proque
572 2766 695 2830 unitate
719 2765 949 2829 uenerabilium
968 2765 1037 2830 eius
1058 2767 1264 2830 ecclesiarum

136 2867 240 2937 litteras
274 2877 349 2938 tuae
387 2872 549 2937 sanctitati
588 2872 761 2937 offerendas
798 2873 973 2937 confecisse
1006 2892 1041 2936 ac
1074 2893 1264 2956 magnopere

134 2981 318 3056 postularunt
349 2985 475 3045 nostras
509 2981 606 3043 etiam
633 2979 820 3060 epistolares
849 2981 983 3064 paginas
1013 3000 1108 3062 super
1136 2981 1194 3044 hoc
1225 2980 1264 3043 ad

135 3101 190 3149 eam
224 3107 375 3152 emanare.
415 3107 551 3169 quorum
587 3086 768 3169 petitiones,
811 3088 923 3169 utpote
965 3105 1090 3170 semper
1130 3087 1307 3158 unitatis2

134 3195 269 3256 amatores
298 3192 478 3269 constituti,
506 3192 643 3256 libenter
670 3191 804 3275 amplexi
833 3193 891 3256 hos
925 3191 1051 3256 diuinos
1085 3193 1190 3274 apices
1224 3193 1263 3256 ad

103 3298 206 3360 atram
231 3299 462 3364 beatitudinem
491 3299 674 3363 censuimus
702 3299 930 3382 prorogandos,
959 3299 1076 3380 quibus
1101 3298 1261 3381 susceptis

132 3401 277 3471 desideriis
286 3426 383 3489 supra
394 3407 551 3471 dictorum
561 3405 890 3470 reuerentissinrorum
901 3404 1082 3470 antistitum
1093 3406 1262 3470 subuenire

130 3527 232 3594 proque
262 3513 354 3579 uobis
379 3517 411 3577 et
434 3532 466 3576 re
495 3512 634 3594 publica,
659 3513 750 3576 cuius
781 3511 966 3596 gubernatio
997 3515 1120 3576 nostrae
1149 3513 1261 3594 pietati

205 3705 314 3758 lRom.
335 3705 378 3767 13,
400 3705 412 3757 1

159 3827 310 3882 lobtamus
334 3828 362 3881 V
414 3829 628 3884 effectumBar.
674 3830 759 3883 3uos
780 3848 806 3900 p:
827 3847 889 3884 suos
914 3829 940 3882 V
992 3833 1100 3884 constat
1123 3829 1149 3882 V
1165 3831 1213 3884 ssd
1232 3835 1261 3884 at

127 3912 375 3972 ameobeadom
394 3935 427 3972 ca
446 3934 480 3971 an
498 3933 568 3972 corr.
637 3920 737 3972 5sunt
755 3918 855 3972 oddo
922 3921 955 3973 12
974 3905 1011 3972 rm
1025 3919 1070 3988 (=
1089 3919 1177 3972 uirum
1196 3919 1259 3972 sub-

27 4068 28 4081 *
127 3999 216 4072 limem)
239 4007 273 4060 V:
293 4024 321 4060 u.
341 4025 362 4060 c.
383 4013 408 4060 et
425 4007 471 4060 ln'c
488 4013 514 4060 et
532 4007 635 4060 stibio

159 4093 217 4148 itt.
267 4096 337 4150 Dat.
358 4096 455 4162 (amul
473 4111 534 4149 cum
553 4113 611 4164 epp.
631 4099 689 4148 146
707 4102 733 4150 et
750 4101 819 4163 147)
836 4115 862 4151 o.
881 4099 935 4150 518
954 4098 998 4150 die
1019 4101 1036 4150 7
1055 4096 1138 4164 Sept,
1159 4103 1258 4164 accept.

27 4204 28 4269 ᾗ
130 4177 167 4231 die
181 4183 219 4234 20
235 4183 310 4247 Dec,
326 4199 378 4253 per
399 4183 526 4238 Gratum
608 4183 683 4238 Edd.
706 4185 771 4268 qu.
791 4185 820 4238 1²
841 4187 913 4253 47&
932 4186 1002 4238 Bar.
1023 4187 1062 4238 ad
1080 4203 1107 4240 o.
1131 4188 1191 4248 518,
1214 4189 1260 4250 71;

130 4265 225 4323 Collect.
248 4273 369 4337 sonam
388 4272 469 4326 unies
488 4276 551 4327 831.
643 4274 676 4326 18
694 4290 743 4326 nra
768 4274 793 4326 V
881 4275 914 4328 23
938 4277 970 4328 ut
992 4278 1070 4343 potes
1094 4273 1125 4338 V,
1145 4289 1212 4328 corr.
1234 4273 1260 4344 ρ2

27 4396 28 4431 p
133 4352 161 4406 25
176 4363 299 4430 susceptis
319 4360 360 4431 p2:
381 4362 488 4431 scriptis
513 4361 538 4414 V
