3025 4975
210 294 273 356 566
408 288 643 343 tachimandritae
663 292 713 343 eta.
734 290 827 359 Syriae
846 287 980 342 secundae
998 288 1158 343 Harmiadae

208 487 350 549 uestram
377 484 607 549 beatitudinem
635 485 780 568 refugere
807 484 899 549 uelut
922 484 960 549 de
983 484 1086 549 hieme
1111 489 1144 549 et
1165 487 1359 567 tempestate

209 591 247 655 ad
275 594 402 674 portum
426 592 667 675 tranquillitatis
692 612 728 657 ac
751 592 865 658 moniti
887 593 1018 657 minime
1042 591 1360 657 circumualiantibus

207 718 265 763 nos
290 699 525 764 calamitatibus
544 700 644 764 teneri
663 700 726 764 iam
747 700 917 766 credimus.
937 719 1010 764 nam
1029 700 1092 765 etsi
1110 700 1260 781 patimur,
1281 718 1360 782 gau·

209 804 318 871 dantes
334 806 529 871 sustinemus
544 807 691 883 scientes,
709 806 873 890 quianon
894 810 982 871 sunt
1000 806 1138 891 dignae
1156 807 1360 889 passiones

208 912 322 976 buius
346 912 528 995 temporis
553 912 596 975 ad
620 912 790 977 futuram
809 913 980 995 gloriam,
1001 931 1096 994 quaa
1119 911 1361 976 reuelabitur
1394 922 1408 962 ⁵

164 1024 184 1085 3
208 1020 243 1082 in
264 1018 383 1083 nobis.
404 1019 552 1100 quoniam
571 1038 646 1083 uero
668 1018 815 1084 Christus
835 1017 914 1083 deus
933 1021 1042 1083 noster
1059 1016 1234 1099 principem
1253 1019 1328 1099 past
1349 1054 1361 1063 -

209 1146 280 1189 rum
300 1128 331 1189 et
350 1125 509 1190 doctorem
536 1129 568 1190 et
590 1125 750 1191 medicum
774 1126 950 1189 animarum
974 1123 1150 1200 constituit,
1174 1143 1232 1188 nos
1250 1128 1360 1188 nestro

209 1235 317 1297 sancto
333 1231 444 1317 angelo
465 1232 596 1316 dignum
615 1236 665 1297 est
682 1232 858 1316 passiones,
874 1250 954 1314 quae
972 1231 1063 1296 nobis
1084 1230 1294 1315 contigerunt,
1310 1249 1363 1293 ex-

208 1337 1360 1423 ponereet<im>misericordesostenderelupos,quidissipantgregem

211 1447 339 1524 Christi,
363 1451 400 1512 ut
432 1447 631 1513 auctoritatis
664 1447 780 1512 bacuio
804 1464 858 1511 eos
883 1446 1019 1529 expellat
1042 1444 1208 1509 demedio
1238 1444 1361 1522 ouium,
1383 1457 1411 1498 ιο
1498 1501 1499 1506 ,

208 1555 305 1619 uerbo
328 1557 433 1619 autem
453 1555 613 1619 doetrinae
632 1554 769 1617 animam
790 1557 881 1618 sanet
897 1555 930 1616 et
948 1552 1098 1617 orationis
1117 1550 1362 1615 medicamentis

166 1665 187 1727 4
209 1660 346 1745 mitiget.
408 1662 462 1743 qui
486 1664 593 1727 autem
618 1661 682 1725 sint
704 1660 760 1725 isti
784 1662 817 1724 et
840 1659 893 1742 qui
918 1659 977 1724 bos
996 1659 1165 1723 aduersum
1184 1676 1241 1721 nos
1261 1676 1364 1721 arma·

209 1768 301 1846 uerit,
326 1766 463 1832 audistis
487 1768 608 1850 utique,
632 1765 829 1831 beatissimi:
860 1764 998 1829 Seuerus
1022 1764 1076 1829 ille
1100 1767 1133 1830 et
1154 1764 1280 1841 Petrus,
1304 1764 1362 1845 qui

210 1892 383 1956 numquam
403 1874 435 1937 in
455 1872 635 1939 Christiano
655 1892 785 1937 numero
804 1873 944 1955 reputati
962 1876 1048 1946 sunt,
1068 1871 1123 1953 qni
1140 1890 1197 1953 per
1214 1872 1363 1955 singulos

210 1980 278 2045 dies
312 1984 455 2046 sanctam
484 1980 776 2047 Chalcedonensem
809 1979 965 2063 synodum
999 1978 1302 2060 sanctissimumque
1330 1981 1366 2042 et
1385 1996 1411 2034 ¹⁵

209 2087 431 2151 beatissimum
456 2090 576 2169 patrem
602 2090 745 2153 nostrum
769 2088 905 2151 Leonem
929 2086 1056 2168 publico
1080 2086 1280 2149 anathemate
1302 2085 1364 2149 im·

209 2198 364 2275 petentes,
399 2194 453 2276 qui
489 2193 643 2258 iudicium
682 2194 733 2257 dei
772 2193 853 2257 nihil
889 2193 1105 2257 existimantes
1142 2195 1176 2257 et
1210 2192 1362 2257 colendos

211 2319 344 2365 canones
382 2304 565 2366 sanatorum
602 2302 728 2383 patrum
762 2302 994 2377 conculcantes,
1031 2300 1198 2383 episcopos
1231 2298 1361 2381 quidem

211 2406 377 2490 principali
405 2407 546 2491 potentia
575 2407 727 2471 facientes
752 2406 891 2470 exhiberi
916 2408 948 2470 et
969 2424 1027 2470 uos
1053 2408 1203 2490 cogentes
1225 2404 1362 2470 illudere

210 2513 404 2596 praedictam
429 2519 570 2579 sanctam
594 2515 750 2598 synodum
775 2513 942 2596 suppliciis
966 2512 1255 2578 inaestimabilibus
1280 2513 1360 2576 affli-
1384 2531 1412 2570 20

168 2626 187 2688 5
213 2624 334 2704 gentes
394 2621 477 2684 unde
502 2625 534 2686 et
557 2621 685 2702 quidam
705 2639 813 2686 eorum
832 2621 965 2685 iniectas
984 2621 1095 2704 plagas
1114 2619 1244 2684 minime
1263 2618 1361 2683 susti-

211 2730 320 2792 nentes
346 2726 383 2792 de
403 2727 462 2792 boc
483 2728 675 2792 transierunt
694 2729 726 2792 et
744 2730 926 2792 nostrornm
944 2747 1020 2792 uero
1040 2746 1102 2792 non
1121 2727 1235 2811 exigua
1252 2725 1360 2790 multi·

211 2834 288 2900 tudo
328 2837 492 2918 perempta
529 2839 587 2900 est.
631 2835 782 2900 euntibus
820 2853 957 2918 namque
994 2834 1087 2900 nobis
1120 2834 1159 2898 ad
1195 2832 1360 2896 mandram

212 2940 318 3006 domni
352 2940 508 3007 Simeonis
537 2961 591 3024 pro
621 2961 719 3006 causa
747 2941 901 3006 ccclesiae
928 2940 1072 3006 insidiati
1104 2943 1180 3006 sunt
1205 2937 1300 3004 nobis
1328 2939 1361 3002 in

210 3048 322 3113 itinere
354 3048 524 3130 praedictis
553 3048 748 3130 coinquinati
777 3054 810 3112 et
832 3048 1091 3130 superuenientes
1115 3046 1301 3112 occiderunt
1324 3065 1362 3110 ex
1380 3063 1409 3104 aa

211 3154 302 3220 nobis
329 3156 486 3218 trecentos
512 3155 741 3239 quinquaginta
769 3157 866 3231 uiros,
896 3155 1050 3237 quosdam
1078 3157 1184 3218 autem
1213 3152 1361 3218 uulnera·
1403 3165 1407 3170 “

301 3381 317 3433 4
336 3380 412 3434 Rom.
432 3381 457 3443 8,
480 3380 512 3433 18

247 3557 263 3610 2
283 3555 427 3610 admoniti
449 3556 562 3624 sampsi:
585 3555 718 3610 admoniti
741 3555 767 3608 V
853 3558 872 3610 4
890 3555 1041 3624 condignae
1060 3554 1130 3609 Bar.
1150 3571 1212 3609 mam
1234 3556 1362 3625 Vulgata

210 3646 350 3714 passiones
370 3661 402 3698 ec
419 3644 552 3712 passionis
576 3644 602 3697 V
691 3644 844 3698 Vmedium
868 3644 899 3703 V.
923 3660 991 3700 corr.
1011 3643 1041 3694 0²
1130 3661 1179 3697 noa
1203 3643 1241 3698 V:
1259 3662 1311 3698 uos
1331 3649 1362 3699 et

215 3733 287 3794 Gar,
307 3732 384 3786 uobis
406 3732 484 3786 Tba'el
556 3737 676 3786 nestrum
695 3737 819 3787 sanatum
838 3734 966 3802 angelum
990 3732 1020 3796 V,
1040 3733 1146 3787 correm'
1218 3734 1362 3788 dmiseri·

212 3821 304 3876 cordes
327 3820 359 3883 V,
378 3836 447 3874 corr.
467 3819 494 3872 0²
566 3820 683 3891 dissipat
702 3821 732 3884 V,
753 3837 822 3875 corr.
842 3819 871 3872 ο2
925 3823 959 3875 12
977 3821 1069 3892 hosp:
1090 3839 1120 3876 os
1139 3821 1166 3876 V
1236 3839 1361 3877 armane-

211 3911 248 3964 rit
262 3909 332 3969 Vtet
343 3910 387 3964 bic
400 3914 424 3963 et
435 3927 464 3977 p.
480 3913 545 3974 567,
559 3912 668 3965 9taar'te
679 3917 795 3964 notatur
808 3912 983 3978 imperatori:
998 3911 1201 3965 armanerinto²
1239 3912 1272 3965 15
1284 3911 1360 3966 chal·

212 3998 391 4052 aedoneneem
414 3997 440 4052 V
498 4001 530 4053 16
548 3999 686 4068 impetunt
705 4005 729 4052 et
748 4000 874 4067 deinceps
891 3999 997 4053 faciunt
1012 4041 1018 4054 .
1033 4043 1038 4054 .
1055 3999 1183 4068 affligunt
1199 4001 1363 4068 reponenda

211 4119 297 4167 cermel
321 4113 400 4166 Tbe'ei
454 4115 486 4168 21
509 4081 615 4184 quidgrn
641 4115 667 4168 V
735 4117 763 4168 in
783 4120 855 4168 actas
879 4115 911 4178 V,
932 4131 1034 4169 cornu
1094 4116 1129 4168 22
1147 4115 1201 4168 hoc
1216 4114 1359 4169 <saeculo>

215 4201 278 4255 Cur.
333 4203 368 4254 23
387 4205 529 4272 perempta
553 4203 583 4268 V,
604 4219 672 4257 corr.
694 4223 707 4254 o
759 4205 793 4257 25
813 4204 1023 4273 quoinquinenti
1048 4203 1078 4267 V,
1099 4219 1200 4258 corsa
