3025 4975
444 451 530 522 llpist.
550 449 691 506 CCXXXV
710 453 725 504 4
746 482 781 490 -
800 447 958 505 ccxxxvl
976 454 1001 504 4.
1235 455 1301 518 717

155 647 248 732 elegit
263 649 444 730 imperium,
463 647 494 710 in
514 646 638 711 litteras
658 646 850 723 contulistis,
871 646 932 710 hoc
951 665 1088 729 quoque,
1107 647 1301 712 uenerabilis

153 754 330 836 imperator,
356 773 431 818 curn
452 753 537 831 fidei,
563 753 615 818 cui
637 753 861 835 multipliciter
883 772 942 818 uos
967 753 1095 818 studere
1119 753 1299 833 declaratis,

154 860 276 936 adiecit,
301 864 339 924 ut
362 861 543 942 aliquorum
565 879 674 942 preces
698 859 902 944 perferendae
926 860 965 924 ad
988 859 1180 924 humilitatis
1209 880 1302 926 meae

153 966 296 1030 notitiam
329 966 544 1051 iungerentur,
579 967 696 1050 quibus
729 967 783 1030 uel
816 966 893 1048 quid
930 967 1127 1048 quaestionis
1165 966 1301 1031 oriretur

126 1091 356 1156 eognoscerem
384 1074 436 1139 uel
469 1075 508 1138 ad
540 1073 809 1138 summouendum
841 1073 1022 1155 propositae
1056 1073 1299 1138 consultationis

153 1181 335 1264 ambiguum
369 1201 557 1264 responsum
591 1201 609 1246 a
640 1199 691 1244 me
723 1181 892 1264 religiosae
921 1181 1073 1244 scientiae
1103 1180 1296 1245 conueniens

151 1288 342 1352 redderetur.
371 1288 436 1373 legi
465 1289 571 1352 omnia
599 1287 817 1352 sollieitudine
847 1305 909 1368 qua
937 1287 1079 1362 decebat,
1105 1292 1137 1352 et
1159 1288 1237 1352 licet
1260 1287 1299 1351 ad
1323 1285 1346 1347 2

151 1395 290 1478 responsi
314 1396 546 1479 plenitudinem
570 1394 717 1460 sufficere
740 1394 912 1476 potuisset,
933 1395 961 1458 si
979 1395 1035 1460 illa
1057 1398 1193 1473 tantum,
1218 1415 1298 1476 quae

152 1521 169 1564 a
202 1503 366 1568 ueteribus
406 1505 481 1568 sunt
518 1503 655 1579 delinita,
691 1501 909 1579 rescriberem,
947 1506 1052 1566 tamen
1085 1505 1122 1566 ut
1153 1502 1297 1585 religiosi

115 1629 135 1666 o
151 1609 303 1690 propositi
340 1609 440 1674 uestri
481 1629 696 1674 remunerarer
737 1607 897 1686 affectum,
940 1627 1001 1672 non
1045 1609 1296 1673 subtrahendum

151 1716 265 1780 credidi
290 1717 354 1780 mei
378 1735 503 1798 quoque
528 1716 682 1780 sermonis
707 1715 908 1796 obsequium.
933 1715 1010 1797 quid
1030 1715 1113 1779 enim
1133 1718 1192 1794 est,
1212 1712 1344 1797 quode

151 1823 384 1905 emergentibus
411 1823 553 1888 Nestorii
581 1827 614 1887 et
641 1822 831 1905 Eutychetis
860 1823 991 1886 uenenis
1022 1826 1155 1903 paterna
1187 1821 1297 1886 omisit

149 1929 339 1994 instructio?
371 1949 469 2012 paene
503 1949 611 1994 omnes
644 1930 826 2012 impietates
859 1949 933 1994 cum
969 1928 1190 1992 inuentoribus
1228 1932 1295 1991 tam

150 2035 353 2100 nefandorum
378 2036 565 2120 dogmatum
589 2036 810 2102 conuenientia
827 2036 859 2100 in
879 2037 979 2100 unum
999 2035 1151 2119 synodica
1169 2035 1296 2099 decreta

112 2161 132 2201 a
150 2145 328 2224 presserunt
346 2161 403 2208 nec
422 2143 557 2207 ulterius
576 2143 729 2207 remo-nsit
746 2144 838 2207 locus
857 2143 944 2207 ullus
964 2145 1030 2207 lam
1050 2142 1126 2206 diris
1145 2141 1294 2225 perfidiae

149 2249 319 2313 seminibus
345 2250 518 2332 amputatis
543 2253 599 2314 aut
622 2249 786 2314 Christum
810 2249 974 2315 dominum
997 2253 1142 2314 nostrum
1167 2247 1292 2312 credere

149 2355 210 2419 sine
230 2355 332 2420 carnis
352 2357 452 2420 luisse
472 2357 607 2420 ueritate
628 2359 683 2420 eut
699 2357 833 2421 eundem
848 2376 908 2420 non
924 2360 956 2421 et
971 2357 1064 2421 deum
1081 2360 1114 2420 et
1127 2356 1288 2421 hominem

148 2461 183 2526 de
209 2463 345 2527 materni
372 2462 454 2528 uteri
481 2464 668 2529 intemerata
694 2463 891 2528 fecunditate
919 2464 1080 2547 prodisse:
1111 2482 1184 2528 cum
1213 2464 1292 2528 alter
1320 2461 1341 2524 4

149 2589 251 2635 eorum
281 2570 549 2652 dispensationem
579 2592 640 2654 qua
668 2573 785 2637 salnati
814 2591 927 2636 sumus
960 2572 1102 2655 negando
1137 2574 1292 2652 quantum

111 2696 132 2735 eo
148 2676 175 2740 in
199 2696 231 2742 se
256 2682 305 2743 est
324 2679 446 2743 irritam
465 2679 592 2757 laceret,
612 2680 692 2743 alter
711 2678 856 2762 opinione
876 2679 1032 2743 contraria
1051 2678 1107 2743 sed
1125 2678 1291 2761 impietate

148 2784 300 2848 consimili
333 2784 365 2848 in
400 2786 510 2849 eodem
544 2786 670 2849 domino
703 2789 811 2851 nostro
840 2787 913 2851 lesu
943 2785 1069 2850 Christo
1097 2787 1291 2868 potestatem

148 2889 281 2955 diuinam
311 2910 329 2955 a
357 2911 434 2955 uera
457 2892 652 2957 humanitate
677 2892 866 2967 secluderet,
890 2912 993 2974 neque
1015 2892 1071 2955 ille
1095 2891 1281 2956 recordatus

149 2997 214 3077 qnia
241 2997 432 3079 palpandam
461 3017 584 3063 earnem
614 3018 706 3063 suern
735 2997 882 3063 Christus
916 2999 1065 3075 ostendit,
1099 3018 1203 3080 neque
1234 2997 1293 3063 ille

148 3104 299 3187 euangelii
331 3124 454 3169 mernor
484 3106 617 3170 uerbum
652 3124 775 3169 carnem
807 3106 929 3169 factum
963 3124 1033 3169 esse
1062 3105 1208 3182 dicentis,
1238 3105 1291 3168 eui

249 3279 482 3344 montreal,
503 3282 537 3334 39
592 3281 628 3333 24
645 3280 704 3333 Ioh.
726 3281 749 3343 1,
771 3281 804 3332 14

149 3384 352 3440 elementissimo
371 3386 427 3440 filio
445 3386 550 3441 Iustino
565 3386 709 3439 Hormisda
729 3387 871 3456 episeopus
890 3386 1006 3439 salutem
1024 3385 1119 3447 (lona,
1139 3384 1192 3454 (hd
1206 3385 1291 3437 Iusti·

147 3489 204 3527 narn
231 3476 422 3545 imperatorem
451 3476 484 3543 i³l
515 3476 713 3530 Gloriosissimo
742 3479 825 3545 atque
858 3474 1067 3528 elementissimo
1096 3474 1151 3527 filio
1181 3474 1289 3527 Iustino

148 3568 257 3632 augusto
278 3564 396 3619 ormisda
414 3564 586 3635 episeopusa'
629 3567 640 3617 1
662 3565 763 3617 litteris
778 3565 860 3632 Hiap.
906 3563 1041 3616 istudire
1060 3560 1287 3615 b¹t²t³t⁶lct¹⁰d²

147 3652 238 3706 studiri
257 3653 288 3706 h⁶
397 3654 564 3708 declaritatis
588 3652 822 3714 la¹le³la⁴hsslo⁷h¹⁰d²‚
847 3652 1003 3706 derlaritati
1026 3650 1065 3715 b²‚
1091 3650 1290 3704 declarastisb

84 3732 90 3745 ⁸
147 3740 353 3811 3per1‘erendae
371 3744 454 3812 Hesp.
479 3750 504 3798 et
528 3760 561 3797 ca
579 3750 663 3813 parte
681 3744 727 3795 H:
750 3742 879 3813 pferende
903 3742 934 3805 V,
958 3740 1152 3811 praeferendae
1171 3738 1295 3793 t⁴a⁰o⁸b⁹

147 3830 309 3885 tantinum
331 3830 416 3885 Gens.
464 3833 649 3902 Bpotuissem
668 3833 752 3887 Gens.
799 3831 1008 3885 daueteribus
1032 3830 1102 3885 VH:
1120 3831 1153 3882 ab
1173 3831 1290 3882 auetori-

147 3920 291 3990 buer'ep.
350 3922 383 3975 10
404 3922 552 3991 ppositiV
611 3921 695 3974 uest-ri
714 3920 797 3989 Hispo.
816 3920 861 3973 H:
880 3937 930 3973 ona.
956 3919 982 3967 V
1033 3936 1219 3973 remunerarer
1235 3919 1295 3970 VH

148 4014 323 4073 (remunerare
336 4009 404 4071 111117,
418 4014 601 4063 remuneraret
614 4008 681 4073 b⁸t⁹‚
702 4026 898 4063 remunerarem
910 4008 976 4075 la¹⁰):
996 4026 1194 4062 remunerarem
1208 4007 1289 4075 Hisp.

147 4097 174 4149 ll
195 4098 260 4166 quid
279 4099 349 4151 enim
371 4104 413 4151 est
431 4114 481 4153 om.
500 4096 725 4152 b⁵t⁶b³t⁸t⁰t¹⁰d²
801 4096 874 4167 quod
891 4114 944 4151 om.
962 4097 1024 4150 a⁴d²
1080 4098 1112 4149 12
1133 4097 1289 4165 demergen-

147 4186 214 4240 tibus
236 4185 463 4240 1111111131141111171ιη
553 4187 697 4241 eutichetis
726 4186 752 4241 V
799 4194 803 4202 '
839 4203 907 4256 pene
929 4172 962 4239 os
990 4186 1016 4239 V
1104 4187 1137 4239 lb
1160 4188 1290 4239 remansit

147 4273 239 4344 Ham:
256 4293 306 4331 om.
332 4274 389 4328 VH
472 4276 544 4329 ultus
564 4276 596 4329 Η
669 4277 701 4329 18
720 4275 852 4345 prodiisse
875 4276 960 4329 Gom.
1032 4275 1067 4327 22
1086 4275 1241 4328 humilitate
1258 4275 1293 4327 H

149 4366 269 4433 (acceptis
286 4362 390 4429 t⁴t⁵d²p
464 4365 601 4419 secludere
620 4363 680 4417 11111τ
753 4364 800 4417 ille
825 4364 904 4418 VHa':
923 4364 975 4417 iste
996 4363 1082 4418 Goaz.
