3025 4975
244 447 309 511 674
493 442 639 513 Suggestio
658 442 783 496 Dioscori
802 442 909 497 diaconi
927 442 962 497 ad
980 441 1151 496 Hormisdam

243 640 459 707 humilissime
481 637 631 721 uestigiis
650 638 767 703 nestris
787 638 942 721 piissimis
961 637 1066 704 indico
1086 640 1214 721 propter
1233 637 1392 721 synodum

242 747 331 831 Epiri
362 746 448 824 noui,
488 746 636 827 quoniam
671 744 829 810 finxerunt
867 744 1133 810 anathematizare
1169 745 1251 809 inira
1287 750 1393 810 semet

242 859 332 939 ipsos
356 853 480 935 aliquas
503 858 664 935 personas.
688 854 751 917 hoc
774 852 997 917 tantummodo
1021 851 1148 936 ingenio
1173 852 1224 917 usi
1248 855 1334 930 sunt,
1354 856 1394 916 ut

242 981 300 1027 nos
323 962 356 1025 in
381 980 439 1025 sua
461 960 586 1024 malitia
609 963 768 1042 caperent.
790 959 906 1043 quibus
925 958 1046 1024 restitit
1065 958 1175 1023 diuina
1192 959 1318 1024 trinitas
1336 977 1396 1043 per

242 1072 367 1134 uestras
400 1069 528 1131 sanctas
560 1086 680 1149 preces.
714 1069 747 1130 et
779 1085 853 1130 cum
886 1064 1074 1148 deprehensi
1105 1066 1303 1131 fuissentin
1332 1084 1434 1130 suas

242 1176 375 1254 malitia,
398 1192 572 1255 numquam
596 1173 762 1255 potuimus
782 1172 1020 1255 archiepiscopo
1041 1192 1171 1238 suorum
1192 1172 1396 1251 suaderent

199 1278 219 1339 2
244 1283 284 1346 ad
307 1282 393 1347 uiam
416 1279 563 1344 ueritatis
588 1281 620 1342 et
638 1278 678 1343 ad
696 1282 806 1343 uestra
824 1283 992 1361 praecepta
1009 1278 1200 1343 flecteretur.
1220 1278 1277 1343 sed
1294 1278 1404 1344 modo·

243 1408 317 1453 cum
345 1387 542 1452 aduenerant
569 1385 749 1451 beatissimi
778 1388 872 1468 atque
897 1385 1093 1451 sanctissimi
1118 1386 1225 1451 domni
1249 1386 1395 1469 episcopi

242 1497 297 1560 uel
325 1494 473 1558 diacones
501 1492 613 1557 directi
641 1512 659 1556 a
683 1495 793 1557 sancta
817 1511 932 1558 corona
955 1494 1072 1569 uestra,
1097 1497 1304 1557 occurrerunt
1324 1494 1394 1557 illis

245 1600 432 1683 scampinus
457 1599 626 1682 episcopus
646 1599 696 1662 uir
714 1598 921 1663 beatissimus
942 1598 1055 1663 Troius
1075 1617 1149 1663 cum
1169 1600 1254 1663 omni
1274 1599 1393 1683 gaudio
1412 1626 1437 1665 lo

244 1713 276 1773 et
292 1706 504 1772 luminaribus
524 1708 558 1770 et
574 1708 719 1788 porrecto
737 1705 849 1770 libello
870 1704 1046 1770 secundum
1060 1709 1202 1771 uestram
1216 1708 1394 1789 praecepti·

245 1833 337 1879 onem
366 1814 475 1878 statim
503 1812 624 1896 recepti
652 1816 728 1877 sunt
755 1815 787 1877 in
815 1832 892 1897 pace
918 1811 1037 1877 Christi
1061 1816 1094 1877 et
1114 1814 1229 1878 missas
1254 1813 1394 1877 celebra-

243 1923 358 1986 uerunt
372 1939 446 1985 cum
460 1920 530 2001 ipso
545 1919 578 1983 in
594 1918 763 2001 Scampina
778 1919 919 1984 ciuitate.
936 1922 968 1983 et
981 1919 1128 1984 uidentes
1143 1918 1393 2003 LychnidenseS,

201 2026 220 2089 3
244 2028 328 2110 quod
355 2026 433 2090 fecit
462 2025 662 2108 scampinus,
692 2026 792 2090 simili
819 2025 915 2090 modo
940 2030 972 2091 et
994 2026 1057 2109 ipsi
1081 2026 1185 2091 secuti
1209 2027 1293 2090 sunt.
1318 2044 1393 2089 nam

244 2136 320 2199 dum
351 2135 431 2197 istas
463 2132 586 2196 litteras
620 2132 848 2211 ordinaremus,
884 2134 1069 2215 superuenit
1095 2132 1323 2217 magistrianus
1354 2132 1393 2196 de
1413 2159 1438 2199 rs
1508 2142 1509 2147 ’

243 2241 321 2304 urbe
354 2237 714 2320 constantinopolitana,
747 2240 803 2322 qui
835 2239 1007 2318 nuntiauit,
1045 2240 1121 2323 quia
1157 2238 1214 2305 deo
1252 2239 1393 2323 propitio

242 2346 392 2431 precibus
422 2344 541 2410 sanctis
569 2346 687 2409 uestris
717 2349 750 2410 et
774 2346 1117 2429 Constantinopolitani
1140 2346 1296 2411 miserunt
1320 2366 1394 2410 ana-

243 2455 352 2519 thema
378 2452 494 2517 Acacio
524 2454 556 2516 et
583 2470 656 2516 cum
683 2471 762 2535 pace
790 2454 910 2536 pascha
937 2452 1188 2518 celebrauerunt.
1217 2453 1280 2518 iarn
1315 2451 1394 2536 quid

244 2563 407 2642 sequatur,
427 2561 534 2623 nestra
547 2560 735 2624 intercessio
751 2560 836 2642 apud
851 2560 946 2624 deum
959 2560 1092 2640 laboret,
1108 2564 1146 2624 ut
1160 2559 1200 2624 ad
1213 2561 1393 2643 perlectum
1508 2627 1509 2648 ξ

199 2667 328 2731 dserui
371 2665 457 2730 sedis
500 2666 693 2752 apostolicae
733 2666 944 2730 inueniamur.
987 2666 1141 2753 epistolas
1182 2685 1268 2742 uero,
1313 2685 1440 2748 quasso

244 2773 486 2838 destinauerunt
522 2773 562 2836 ad
598 2792 703 2838 meam
739 2773 955 2837 humilitatem
994 2793 1090 2855 supra
1122 2773 1290 2838 memorati
1328 2775 1392 2838 niu'

243 2880 421 2945 beatissimi
444 2879 595 2964 episcopi,
614 2879 727 2963 pietati
746 2883 873 2944 uestrae
892 2879 1017 2946 iunctas
1037 2880 1210 2946 transmisi.
1251 2880 1393 2964 Accepta

245 2986 296 3052 die
320 3006 382 3069 quo
407 3006 513 3070 supra.
1508 3031 1509 3068 ,

1508 3081 1509 3116 l

281 3176 465 3232 lhnmillime
482 3177 546 3231 Car.
584 3179 693 3248 2epyri
710 3178 737 3230 V
787 3177 859 3232 infra
878 3179 915 3234 V:
932 3179 1005 3232 inter
1024 3198 1046 3249 ρ,
1065 3180 1221 3234 intraBar.
1260 3179 1345 3234 anisi
1363 3179 1392 3242 V,
1508 3213 1509 3244 ,

244 3281 312 3320 corr.
330 3265 395 3319 Car.
433 3266 577 3320 tenorum
595 3267 622 3320 V
638 3272 752 3337 (praece
769 3273 800 3320 ut
818 3283 879 3321 mea
897 3267 1055 3322 coniectura
1073 3274 1114 3322 est
1130 3267 1273 3336 ferebatur
1292 3267 1394 3319 ἑαυτῶν
1508 3253 1509 3338 l

243 3355 293 3410 hoc
319 3360 359 3409 cot
383 3355 523 3422 ,ooatro“'
550 3355 653 3422 lhielh
681 3372 733 3410 om.
760 3355 831 3409 Bor.
924 3357 939 3410 7
966 3357 1130 3426 plecteretur
1156 3357 1188 3411 V.
1214 3373 1284 3411 corr.
1314 3355 1394 3409 Thiel
1508 3345 1509 3370 ³

245 3445 278 3498 13
297 3445 462 3513 scampinam
486 3444 626 3498 ciuitatem
649 3445 681 3505 V,
707 3461 776 3498 corr.
805 3445 870 3500 Car.
978 3445 1189 3514 Lychidinenses
1216 3445 1247 3506 V,
1274 3445 1394 3500 correxi:

243 3531 459 3602 Lignidonensee
485 3532 551 3587 Car.
659 3535 692 3587 14
716 3551 778 3587 nam
807 3533 841 3587 V:
865 3550 935 3588 nnnc
958 3533 1028 3587 Bar.
1140 3534 1172 3587 17
1198 3535 1330 3588 irriserunt
1354 3531 1393 3584 V:

244 3621 370 3675 dixerunt
386 3620 457 3677 Bor.
475 3622 508 3675 o'n
524 3639 611 3692 marp.
685 3622 718 3676 18
737 3622 867 3693 pascaV
956 3623 1026 3690 quod
1046 3623 1115 3678 Bur.
1188 3621 1223 3676 22
1243 3625 1336 3678 iuncta
1357 3621 1392 3688 V,

244 3725 312 3763 corr.
332 3707 359 3759 0²
413 3711 447 3764 23
467 3727 519 3779 quo
538 3727 619 3780 supra
638 3711 666 3777 (i.
686 3728 706 3766 e.
726 3716 937 3782 quoep.167jt
957 3697 989 3782 'dl
1010 3712 1035 3764 V
