3025 4975
606 442 695 515 Epist.
715 441 775 498 clx
795 444 812 497 a
831 474 864 483 -
884 442 946 499 cxr
964 446 989 499 5.
1302 448 1370 511 503

220 638 409 724 gregatione
445 638 663 721 praecepistis,
701 638 778 721 quid
812 638 881 703 fieri
919 642 1073 721 oporteat,
1103 657 1161 722 per
1192 638 1304 704 iratres
1337 644 1370 705 et

220 746 429 829 coepiscopos
457 764 557 822 meos,
581 745 636 826 qui
662 763 796 828 propere
823 744 1069 827 subsequentur,
1097 745 1216 828 gloriae
1242 751 1371 811 uestrae

218 851 410 917 insinuanda
445 852 609 927 mandabi,
643 870 778 933 quorum
811 851 1033 935 suggestione,
1065 851 1094 915 si
1126 852 1253 917 diutinus
1280 853 1372 919 fauor

218 977 293 1023 mea
320 962 397 1023 uota
418 959 633 1041 prosequitur,
658 958 890 1041 competentius
913 958 1060 1041 poteritis
1083 958 1233 1024 uniuersa
1255 978 1371 1044 cogno·

186 1083 322 1131 escere.
392 1064 473 1129 Data
496 1064 585 1129 Vlll.
608 1064 685 1129 Idus
709 1064 770 1129 Iul.
795 1064 956 1131 Florentio
981 1066 1122 1131 censuale.

741 1258 850 1342 (ιιι.)

266 1402 462 1448 nunsrssms
492 1402 652 1447 assuerus
685 1401 861 1447 nonursors
892 1401 1010 1447 rurus.
1074 1402 1135 1447 ren
1165 1402 1372 1447 ueneremur

217 1510 260 1554 nr
289 1510 487 1555 suunnrnnun
513 1510 564 1554 uu.
595 1510 643 1554 oc.
713 1488 838 1561 Omnia,
866 1508 947 1571 quae
976 1489 1155 1573 benignitas
1179 1490 1370 1573 conceperit,

217 1598 398 1661 animorum
427 1597 513 1662 dulei
543 1597 663 1661 ambitu
688 1602 721 1661 et
742 1597 946 1662 festinatione
975 1596 1129 1661 laudabili
1158 1602 1374 1681 propagantur

166 1725 200 1763 ιο
217 1722 278 1769 nec
308 1704 368 1769 sibi
396 1704 539 1786 requiem
566 1705 681 1787 putant
708 1722 804 1786 posse
831 1703 995 1786 praestari,
1025 1704 1124 1768 donec
1153 1703 1193 1767 ad
1224 1704 1372 1769 ellectum

218 1810 466 1875 salubenimum
495 1810 675 1875 desiderata
697 1810 911 1893 perduxerint,
936 1812 968 1874 et
991 1812 1066 1874 tuno
1091 1810 1245 1892 quaedam
1268 1811 1372 1893 ipsius

217 1916 435 1981 festinationis
459 1916 497 1981 fit
519 1916 655 2001 requies,
680 1916 756 1981 dum
781 1916 951 2000 contigerit
973 1935 1048 1998 spes
1070 1919 1231 1981 uotorum.
1287 1916 1373 1999 quod
1397 1919 1418 1981 2

217 2024 252 2088 in
276 2024 435 2106 praesenti
454 2042 511 2089 nos
532 2027 617 2089 certa
635 2024 755 2089 ratione
774 2021 977 2107 pertulimus,
998 2023 1096 2087 donec
1115 2023 1265 2087 caelestis
1283 2024 1374 2088 fauor

217 2134 253 2195 et
286 2133 411 2195 nostrae
443 2130 592 2214 petitioni
625 2129 747 2195 aditum
776 2132 809 2194 et
836 2133 962 2194 uestras
990 2130 1194 2213 promissioni
1227 2148 1373 2195 serenum

165 2236 319 2301 redonet
341 2236 499 2303 ellectum.
565 2256 637 2321 ergo
662 2236 738 2319 quia
761 2238 814 2300 uel
836 2235 974 2300 nra-xima
990 2236 1114 2300 itineris
1132 2235 1300 2319 longitudo
1318 2239 1374 2302 uel
1396 2238 1417 2301 3

215 2343 306 2407 ultra
343 2342 475 2409 solitum
511 2362 631 2409 morem
668 2343 816 2407 hiemalis
854 2342 1020 2423 asperitas,
1054 2342 1140 2425 quod
1171 2342 1371 2434 optabamus,

222 2450 318 2514 nobis
341 2450 417 2518 lecit
439 2452 605 2528 incertum,
629 2448 755 2514 interim
784 2448 867 2514 intra
893 2448 1016 2514 animos
1043 2452 1168 2514 nostros
1195 2446 1374 2514 desiderata

221 2558 483 2639 compressimus,
512 2555 664 2622 beneficia
692 2554 800 2620 diuina
828 2559 1004 2637 captantes,
1033 2575 1113 2639 quae
1140 2556 1241 2621 bonae
1269 2557 1372 2620 exitus

217 2664 267 2728 rei
292 2683 349 2728 sua
371 2663 612 2746 interpositione
633 2663 793 2729 decidunt.
845 2666 1053 2746 agnoscentes
1071 2663 1179 2746 igitur,
1200 2664 1286 2746 qaod
1303 2665 1373 2729 eius
1397 2667 1419 2730 4

166 2791 202 2834 so
222 2771 328 2854 pietas
351 2772 485 2855 primam
510 2771 601 2836 nobis
626 2770 761 2854 gratiam
786 2770 988 2844 condonabit,
1010 2773 1048 2834 ut
1070 2770 1171 2834 missa
1191 2770 1310 2855 legatio
1334 2771 1373 2835 ad

218 2877 452 2943 beatitudinem
471 2881 559 2942 tuanr
574 2876 712 2941 feliciter
725 2877 892 2949 remearet,
908 2875 948 2939 ad
963 2876 1134 2940 secundam
1148 2878 1373 2959 processimus,

217 2989 259 3050 ut
284 2984 473 3068 dirigeretur·
497 3003 514 3048 a
537 2983 629 3049 nobis
653 2983 811 3066 promissa
833 2983 962 3067 legatio,
981 3003 1038 3066 per
1062 3003 1156 3066 quam
1181 2987 1213 3047 et
1236 3003 1372 3048 comme-

218 3091 357 3156 moratio
380 3091 469 3155 fieret
492 3110 611 3166 eorum,
636 3109 715 3172 quae
740 3108 814 3155 cum
838 3089 1050 3154 sanctissimis
1074 3090 1153 3154 uiris
1176 3092 1273 3175 longa
1296 3090 1373 3155 deli·

217 3198 385 3264 beratione
410 3197 614 3274 contulimus,
641 3200 672 3260 et
699 3196 778 3260 item
806 3196 864 3261 deo
893 3196 1023 3279 auspice
1049 3200 1116 3261 tam
1142 3201 1267 3261 nostrae
1294 3197 1374 3280 peti-

166 3325 200 3366 as
220 3304 322 3369 tionis
338 3323 433 3386 quam
451 3308 576 3368 uestrae
597 3302 715 3386 gratiae
735 3301 775 3366 ad
794 3302 954 3385 integrum
971 3301 1025 3366 lux
1044 3321 1155 3367 serena
1168 3303 1375 3385 desplendeat

220 3415 256 3476 et
288 3413 356 3476 toto
391 3410 459 3474 orbi
491 3410 607 3494 gaudia
641 3412 805 3492 expectata
832 3409 996 3474 donentur.
1066 3410 1418 3478 oomnremorationis5

259 3637 328 3691 111.
382 3636 451 3690 Dat.
475 3634 718 3704 Constantinopoli
742 3651 769 3691 a.
792 3637 846 3688 516
865 3635 910 3688 rb'e
927 3637 963 3688 16
981 3634 1039 3689 Inl.
1054 3651 1107 3704 per
1129 3635 1331 3704 Theopompum
1349 3641 1375 3690 et

219 3726 413 3782 Seuerianam.
468 3724 542 3779 Eat.
565 3723 628 3778 Gar.
648 3723 679 3776 1²
699 3725 860 3790 445313ar.
880 3724 920 3777 od
938 3741 964 3777 n.
987 3727 1048 3786 516,
1070 3728 1105 3789 1,·
1125 3725 1234 3778 Collect.
1256 3725 1375 3791 Consti,

223 3815 308 3870 Tlriel
330 3817 394 3867 761.
446 3813 461 3866 7
480 3829 528 3882 per
546 3812 749 3882 Theopompum
769 3817 798 3866 et
817 3813 973 3867 Seuerinum
993 3829 1018 3866 u.
1039 3829 1060 3866 c.
1082 3816 1162 3876 (corr.
1185 3814 1261 3881 Car.)
1280 3814 1372 3866 minae·

218 3905 293 3960 tiore
312 3901 515 3956 charactercV
557 3903 588 3955 12
607 3902 645 3954 sit
667 3900 699 3964 V,
719 3917 821 3954 como
882 3901 1049 3970 contingerit
1073 3901 1104 3964 V,
1123 3917 1227 3972 comp
1271 3903 1304 3955 14
1324 3918 1373 3955 au-

217 3993 311 4046 ditum
330 3991 401 4045 Bor.
455 3990 640 4060 promissionis
664 3989 695 4052 V,
715 3990 821 4044 torrem
877 3991 910 4043 19
929 3989 1058 4043 decidunt
1077 3995 1264 4058 agnoscentes.
1284 3990 1374 4058 Igitur

218 4079 296 4136 male
322 4079 458 4148 Gerasam
485 4084 592 4134 secutus
623 4078 701 4132 Tbiel
791 4078 825 4132 22
853 4078 988 4148 dirigetur
1011 4077 1041 4141 V,
1069 4095 1170 4134 corno
1244 4081 1279 4134 al
1306 4080 1372 4133 item

216 4169 335 4238 scripsi:
356 4168 428 4222 irlern
461 4169 493 4230 V.
517 4167 610 4222 eodem
639 4167 674 4237 p²,
702 4167 766 4221 inde
794 4168 864 4222 Bar.
956 4169 990 4222 25
1019 4169 1155 4236 integrum
1179 4185 1197 4218 α
1224 4174 1289 4222 onte
1313 4185 1373 4223 cor-

218 4258 381 4314 rectionem:
399 4258 534 4328 integram
564 4258 632 4312 Vet
652 4276 669 4309 α
692 4273 762 4311 corr.
870 4257 1044 4326 resplendeat
1075 4257 1139 4312 Cor.
1262 4259 1297 4310 16
1319 4258 1373 4311 toti

218 4345 314 4402 Lato.
