3025 4975
636 475 679 530 111
697 478 795 534 a-ra
1225 485 1288 548 797

145 667 217 734 dum
246 672 334 734 esset
356 669 470 748 laicus,
494 669 598 735 fuerat
621 674 789 736 accusator
810 671 962 739 Nestorii.
987 674 1124 740 deicitur
1145 677 1289 742 Domnus

142 776 368 854 Antiochenus,
398 779 506 842 sancte
533 777 685 843 memorie
718 779 902 862 praedictus
935 781 1108 848 Flauianus
1141 784 1290 867 dirigitur

140 881 169 945 in
193 882 333 960 exilium,
356 883 413 948 ubi
438 883 534 948 etiarn
559 885 729 950 defunctus
755 890 814 954 est.
839 891 965 953 mortuo
983 888 1091 971 itaque
1110 889 1287 956 Theodosio
1320 895 1340 958 8

139 989 326 1070 imperatore
345 989 528 1056 Marcianus
548 992 652 1057 factus
672 995 722 1058 est
739 995 897 1076 princeps,
916 994 1018 1060 lesam
1037 995 1132 1060 fidem
1148 998 1289 1081 grauiter

111 1097 250 1160 sferens.
275 1097 367 1162 cuius
389 1098 541 1182 religiosa
562 1100 705 1164 iussione
725 1101 918 1166 conueniunt
936 1102 1015 1166 Nice
1034 1103 1172 1186 amplius
1192 1123 1287 1186 quam

140 1203 305 1286 quingenti
333 1208 366 1269 et
392 1207 478 1270 ultra
506 1207 646 1289 episcopi
676 1207 777 1272 totius
806 1206 945 1273 Orientis
974 1212 1008 1273 et
1034 1209 1161 1294 Egypti.
1191 1230 1286 1292 quam

140 1311 292 1393 synodum
321 1316 435 1394 postea
462 1314 628 1378 transtulit
657 1314 866 1380 Caloedonam
888 1319 1018 1398 propter
1039 1317 1151 1399 palatii
1174 1319 1286 1382 uicini·

139 1419 245 1483 tatem.
260 1419 405 1484 interfuit
420 1420 516 1485 etiam
531 1421 601 1504 ipse
616 1421 789 1504 imperator
804 1421 985 1499 conuentui‚
1001 1422 1146 1487 interfuit
1156 1428 1286 1488 senatus

140 1529 169 1590 et
187 1545 295 1590 omnes
314 1526 437 1592 iudices
458 1531 490 1592 et
509 1529 610 1592 aulice
630 1533 817 1612 potestates.
837 1529 995 1595 Eusebius
1011 1529 1065 1593 ille
1078 1531 1285 1596 Dorolitanus
1318 1537 1339 1600 9

101 1632 305 1715 aepiscopus
339 1636 411 1698 ante
444 1653 561 1698 annum
600 1635 638 1700 de
676 1636 770 1701 exilio
807 1636 935 1720 fugiens
971 1637 1106 1702 Romam
1143 1642 1284 1715 uenerat,

139 1739 231 1803 etiam
250 1739 326 1805 huic
346 1740 466 1824 synodo
485 1743 639 1806 interesse
659 1743 851 1826 properauit.
866 1747 997 1808 accusat
1010 1744 1079 1825 ipse
1097 1744 1284 1810 Dioscorum

139 1851 168 1910 et
186 1847 266 1912 alios
284 1847 520 1913 Alexandrinos.
542 1849 618 1930 quid
639 1849 763 1914 multa?
784 1849 952 1914 damnatur
969 1850 1155 1927 Dioscorus,
1175 1854 1284 1916 sancte

138 1953 285 2018 memorie
298 1953 445 2018 Flauiani
464 1973 578 2037 corpus
599 1955 835 2021 officiosissime
855 1956 1161 2039 Constantinopolim
1180 1976 1284 2040 repor-

138 2062 229 2136 tatur,
268 2061 351 2142 apud
387 2061 609 2126 Alexandriam
645 2061 809 2126 Proteiius
843 2063 1022 2128 catholicus
1054 2065 1092 2126 tit
1124 2065 1282 2129 sacerdos.

98 2187 121 2224 a
139 2167 263 2248 quidam
302 2168 488 2234 Timotheus
525 2169 691 2252 presbyter
729 2174 761 2233 et
797 2169 912 2234 Petrus
950 2169 1103 2235 diaconus
1136 2171 1335 2240 Dioscorilt)

139 2277 307 2340 sectatores
336 2295 370 2340 se
398 2275 437 2339 ab
465 2275 676 2341 Alexandrina
704 2277 842 2341 ecclesia
869 2281 1064 2359 separarunt.
1094 2297 1174 2359 quos
1208 2297 1281 2342 cum

137 2381 295 2447 Proterius
325 2383 495 2465 episeopus
524 2381 563 2446 ad
590 2383 768 2447 ministeria
795 2403 854 2448 sua
884 2403 1035 2448 reuocare
1066 2403 1128 2449 non
1159 2388 1279 2466 posset,

134 2492 303 2572 utrumque
328 2490 501 2554 damnauit.
526 2494 652 2556 mortuo
676 2492 778 2575 igitur
794 2491 936 2575 principe
953 2489 1116 2557 Marciano
1136 2492 1280 2557 collectis

134 2596 340 2661 hereticorum
370 2596 472 2661 turbis
496 2597 685 2661 Timotheus
710 2600 742 2662 et
764 2598 879 2662 Petrus
902 2598 1038 2663 ueniunt
1059 2597 1279 2664 Alexandriam

94 2725 117 2762 ro
134 2706 164 2767 et
202 2704 363 2768 ordinatur
400 2704 438 2769 ab
476 2704 623 2768 hereticis
661 2704 848 2769 Timotheus
886 2705 1067 2789 episcopus.
1105 2709 1280 2787 occupatur

134 2810 276 2889 ecclesia,
315 2810 354 2875 ad
388 2830 483 2893 quam
517 2830 550 2875 se
584 2814 692 2875 sancte
725 2812 877 2876 memorie
909 2811 1074 2877 Proteriua
1108 2812 1278 2896 episcopus

131 2918 243 2982 timore
281 2918 458 2982 contulerat
494 2918 603 3001 ibique
640 2918 672 2982 in
712 2918 901 2999 baptisterio
944 2918 1101 2983 occiditur
1140 2918 1279 2983 laniatur

132 3024 245 3089 eicitur
272 3028 305 3088 et
330 3025 439 3089 fumus
469 3026 538 3091 eius
565 3025 745 3089 incenditur
773 3026 951 3108 cinerisque
979 3027 1083 3108 ipsius
1116 3026 1278 3109 spargitur

129 3130 160 3194 in
183 3134 309 3197 uentos.
332 3132 397 3197 Leo
420 3132 528 3215 itaque
548 3132 638 3196 subit
655 3132 835 3214 imperium,
855 3133 894 3196 ad
914 3152 1009 3214 quem
1028 3132 1110 3196 tanti
1127 3132 1276 3197 facinoris
1288 3133 1326 3194 ll

91 3260 114 3299 a
132 3237 270 3318 querella
287 3239 442 3319 peruenit.
461 3239 596 3303 heretici
611 3242 717 3303 autem
732 3240 965 3322 supplicabant,
980 3243 1018 3303 ut
1032 3238 1277 3303 Caloedonensis

131 3344 268 3426 synodus
288 3346 483 3421 aboleretur;
504 3346 654 3411 catholici
674 3348 706 3410 et
725 3349 834 3411 contra
852 3346 932 3410 tanti
952 3346 1082 3409 sceleris
1101 3345 1275 3410 uindictam

131 3451 324 3531 expetebant.
350 3450 552 3516 considerans
576 3452 684 3534 itaque
707 3452 881 3535 imperator
902 3452 997 3515 nimis
1018 3469 1087 3515 esse
1107 3468 1275 3515 onerosum

129 3558 234 3621 uexari
265 3560 372 3623 tantos
404 3558 521 3623 iterum
555 3558 746 3635 sacerdotes,
776 3578 910 3641 quorum
938 3558 1094 3641 plurimos
1122 3559 1179 3621 aut
1206 3560 1273 3621 etas

130 3666 182 3729 aut
208 3664 378 3729 intimuitas
407 3668 463 3729 aut
487 3666 582 3730 etiam
605 3670 777 3748 paupertas
802 3666 885 3730 huno
908 3665 1015 3729 labore
1040 3663 1146 3728 subire
1168 3663 1273 3746 prohi-

90 3794 112 3834 ω
128 3768 253 3847 hebent,
279 3771 388 3854 dirigit
411 3772 513 3857 magis
539 3772 728 3837 christianos
752 3791 809 3855 per
831 3775 935 3836 totum
960 3770 1138 3845 Orientem3
1164 3769 1273 3853 dirigit

128 3876 224 3941 etiam
250 3878 420 3943 Anatolius
449 3879 620 3961 opiscopus
649 3878 1020 3960 constantinopolitanus
1049 3876 1272 3959 Asclepiadem

128 3982 293 4048 diaconum
323 4003 417 4048 suum
447 3985 485 4048 ad
514 3985 691 4068 episcopos,
716 3986 771 4066 qui
796 3983 972 4049 Calcedona
994 3984 1120 4048 fuerant
1143 4002 1272 4068 congre-

128 4090 202 4171 gati.
245 4090 300 4174 qui
341 4092 521 4156 rescribunt
567 4090 835 4156 Calcedonensem
882 4091 1038 4175 synodum
1085 4110 1186 4174 nsque
1233 4089 1323 4162 ad12

128 4197 313 4280 sanguinem
338 4216 409 4262 esse
433 4198 670 4277 defendendam,
695 4198 855 4280 quianon
880 4199 1011 4262 alteram
1033 4196 1129 4262 fidem
1157 4198 1272 4261 statuit

162 4387 196 4441 14
213 4386 263 4452 frit
316 4386 351 4443 28
370 4388 524 4443 sacerdotes
543 4405 613 4444 corr.
633 4404 666 4443 co:
685 4388 854 4444 sacerdotnm
