3025 4975
404 414 489 483 repre.
509 412 692 468 cnxxxxrr
712 414 725 467 1
747 444 780 453 -
801 412 968 468 cuxxxxr
986 416 1011 467 s.
1215 420 1281 483 653

133 612 289 695 dogmata,
314 629 395 693 qnae
419 629 455 673 ox
479 609 582 675 beatis
606 612 639 673 et
662 610 780 675 sanctis
806 608 971 693 discipulis
992 612 1024 673 et
1043 610 1196 691 apostolis
1217 610 1277 675 dei.

131 718 296 800 praecipue
318 718 407 783 Patri
431 716 548 782 summi
571 716 798 799 apostolorum,
820 716 887 781 sedi
907 720 1034 781 sanctae
1058 721 1183 781 uestrae
1203 722 1282 783 sunt

131 824 252 902 tradita,
278 828 312 888 et
333 824 413 889 nihil
437 824 483 889 eis
510 823 682 907 pretiosius
712 822 902 888 existimare.
949 842 1051 905 neque
1081 824 1163 889 euim
1192 828 1279 889 extra

131 932 251 997 aliunde
267 931 400 997 ueniens
415 934 543 997 sanctae
563 930 716 995 ecclesiae
736 930 912 995 constituta
930 931 1040 1015 ignoro
1061 931 1117 995 sed
1136 934 1195 996 nut
1213 933 1278 997 'tus

110 1058 180 1122 sper
212 1039 265 1103 dei
297 1038 496 1103 uoluntatem
529 1058 564 1103 ex
597 1038 715 1101 teneris
740 1037 902 1121 unguibus
927 1037 958 1101 in
984 1041 1094 1101 sancta
1119 1038 1280 1103 catholica

132 1146 264 1211 ecclesia
287 1145 376 1228 parui
399 1165 455 1227 per
472 1148 618 1227 tempora
636 1144 848 1209 sanctissimis
873 1143 1093 1209 sacerdotibus
1122 1148 1154 1209 et
1181 1146 1276 1227 patri-

132 1252 240 1317 urchis.
274 1272 348 1315 nam
376 1251 505 1333 saepius
532 1252 734 1333 praepositus
763 1250 824 1327 his,
854 1250 909 1334 qui
935 1270 991 1333 per
1023 1250 1275 1317 sacratissimum

132 1362 160 1423 et
183 1358 343 1423 ineffabile
370 1358 531 1441 baptisma
554 1378 614 1423 sua
641 1362 762 1422 exuunt
787 1362 929 1441 paccata,
957 1361 1077 1423 rectam
1107 1363 1140 1423 et
1167 1378 1274 1424 ueram

132 1466 219 1530 unius
253 1466 409 1531 essentiae
437 1466 589 1531 trinitatis
618 1466 711 1530 docui
739 1464 845 1541 fidem,
871 1484 977 1549 quam,
1002 1466 1087 1531 sicut
1114 1465 1275 1548 praefatus

104 1592 268 1649 oramen
292 1572 458 1654 discipulis
483 1572 590 1655 magni
614 1572 665 1636 dei
689 1575 721 1636 et
744 1572 915 1637 saluatoris
939 1572 1036 1636 nostri
1061 1572 1134 1637 Iesu
1156 1572 1275 1639 Christi

133 1680 346 1761 procedentem
371 1678 513 1743 omnium
539 1678 740 1743 sacerdotnm
766 1681 797 1742 et
821 1678 962 1743 omnium
986 1681 1112 1761 patrum
1138 1679 1274 1761 amplec-

134 1787 204 1850 titur
232 1788 355 1851 coetus.
380 1784 523 1851 diuinum
548 1786 632 1849 enim
655 1804 689 1849 re
712 1805 789 1849 uera
813 1789 958 1851 sanctum
983 1787 1014 1849 et
1038 1805 1056 1849 a
1079 1785 1137 1849 deo
1164 1784 1273 1849 datum
1299 1790 1321 1852 4

135 1892 305 1975 symbolum
338 1894 552 1956 trecentorum
581 1892 691 1957 decem
718 1895 751 1956 et
774 1894 846 1957 octo
876 1896 1058 1957 sanctorum
1087 1894 1212 1974 patrum
1242 1892 1273 1955 in

135 1997 263 2063 liicaena
273 1999 535 2082 congregantium
545 1998 640 2064 adoro
656 2001 689 2063 et
702 1998 849 2081 praedico
866 2003 898 2063 et
913 1998 1085 2063 Christiani
1096 1998 1273 2083 splendoris

106 2122 124 2159 1⁵
136 2106 329 2170 manifestum
352 2105 506 2171 indicium
530 2125 600 2169 osse
619 2106 772 2170 annuntio
793 2108 825 2169 et
844 2106 1075 2189 quinquaginta
1094 2109 1126 2170 et
1145 2110 1274 2170 centurn

137 2216 306 2277 sanctornm
331 2211 532 2277 sacerdotum
555 2212 588 2275 in
611 2211 673 2277 hac
696 2212 774 2276 urbe
803 2212 888 2296 regia
912 2213 1028 2276 tactam
1057 2212 1273 2277 uenerabilem

138 2319 289 2399 synodum,
332 2318 481 2383 similiter
517 2321 549 2382 et
587 2320 793 2385 ducentorum
836 2318 886 2382 dei
927 2322 1102 2384 amatorum
1143 2323 1270 2401 patrum

139 2428 316 2492 conuentum
338 2425 370 2490 iu
394 2426 561 2508 Ephesena
582 2425 714 2505 factum,
737 2425 869 2510 triginta
889 2430 920 2491 et
944 2428 1162 2492 sexcentorum
1182 2445 1268 2492 reue·

138 2535 375 2598 notissimorum
384 2539 512 2616 patrum
525 2536 557 2598 et
567 2533 766 2598 sacerdotum
778 2533 932 2616 synodum
943 2535 1060 2598 factam
1073 2533 1269 2599 Chalcedone

108 2653 219 2705 ornam
234 2659 304 2706 esse
324 2644 357 2704 et
375 2640 616 2705 conuenientem
635 2643 668 2704 et
686 2641 940 2725 compaginatam
959 2641 1129 2723 praedictis
1150 2641 1269 2704 sanctis

140 2747 265 2812 conciliis
287 2748 357 2830 ipsa
382 2767 440 2831 ago
464 2746 561 2811 didici
584 2747 727 2829 aliosque
751 2748 863 2812 docere
893 2748 1039 2831 cognoui.
1063 2747 1096 2812 in
1120 2747 1170 2812 his
1194 2766 1268 2830 ergo
1294 2753 1315 2816 5

140 2857 271 2933 quatuor
289 2853 410 2918 sanctis
425 2856 457 2918 et
471 2854 568 2918 sacris
588 2853 715 2936 synodis
734 2873 886 2938 magnum
906 2855 1034 2936 pietatis
1053 2854 1269 2936 praedicatum

139 2963 309 3040 mysterium
333 2962 366 3024 ct
389 2960 530 3025 omniurn
553 2960 718 3026 hominum
741 2968 792 3026 est
814 2961 953 3043 reposita
976 2961 1074 3026 salus.
1100 2979 1153 3026 eos
1174 2961 1268 3037 eninr,

139 3066 186 3145 qui
215 3067 342 3132 fuerunt
373 3067 426 3131 nel
464 3070 539 3131 sunt
580 3067 723 3132 eiusdem
766 3069 950 3142 sententiae,
989 3079 1021 3131 et
1058 3067 1199 3150 suscipio
1238 3070 1269 3129 et

106 3172 296 3253 samplector
324 3178 357 3238 et
384 3173 467 3238 uniri
495 3193 545 3237 me
574 3175 619 3238 eis
649 3174 767 3258 dilig0;
802 3194 817 3238 e
847 3177 955 3239 contra.
983 3177 1090 3238 sutem
1119 3193 1183 3250 eos,
1214 3173 1268 3255 qui

138 3282 245 3356 praeter
257 3282 336 3346 istas
353 3279 428 3364 quid
444 3281 585 3344 sentiunt
600 3285 656 3343 aut
668 3280 854 3363 praedicant
872 3279 923 3344 uel
940 3281 1108 3363 praeterito
1126 3283 1268 3360 tempore

139 3383 245 3466 aliquid
279 3389 384 3453 conati
421 3391 505 3464 sunt,
544 3406 561 3451 a
599 3390 690 3451 coetu
734 3387 979 3452 orthodoxorum
1022 3389 1159 3450 extorres
1197 3405 1267 3449 esse

138 3490 277 3562 existimo.
311 3494 459 3559 similiter
481 3497 586 3558 rectas
609 3513 641 3558 re
665 3513 741 3558 uera
766 3497 797 3558 et
825 3493 1084 3578 religiosissimas
1114 3492 1267 3574 epistolas

138 3598 307 3666 uenerabilis
341 3620 442 3683 papae
469 3601 583 3664 Leonis
615 3620 671 3682 pro
705 3606 792 3664 recta
819 3600 879 3664 fide
910 3599 1104 3680 conscriptas
1135 3598 1267 3662 circum-

104 3705 294 3784 oamplector
321 3711 354 3772 et
381 3707 534 3789 suscipio.
567 3707 682 3772 haheat
713 3708 813 3790 igitur
846 3708 926 3771 hunc
960 3705 1150 3770 sententiam
1184 3705 1313 3776 circas

138 3827 181 3871 me
202 3817 319 3878 uestrae
342 3814 551 3879 beatitudinis
576 3817 686 3878 saneta
708 3814 904 3889 fraternitasy
935 3813 1027 3877 uobis
1057 3810 1140 3875 enirn
1168 3813 1266 3874 mani-

167 3966 283 4024 ddocuit
304 3972 335 4034 V,
355 3969 464 4025 corr.o²
510 3972 539 4023 ll
561 3975 667 4040 patrum
687 3972 831 4038 toruptauit
849 3970 965 4024 Hordei:
984 3985 1063 4038 quam
1088 3969 1118 4028 V,
1137 3968 1266 4022 laicorum

137 4055 206 4118 Bur..
224 4061 411 4116 catholicorum
438 4060 517 4114 Trici
573 4062 606 4114 14
628 4062 743 4114 nicaena
766 4061 793 4114 V
816 4063 862 4114 (sc.
888 4060 1001 4128 muodo,
1026 4061 1060 4126 cs.
1082 4075 1110 4126 p.
1134 4061 1268 4124 591,17;

141 4145 195 4207 653,
209 4148 262 4212 18J:
279 4151 382 4203 Nicaea
403 4150 468 4203 Car.
542 4155 767 4220 congregatorum
791 4149 854 4202 Car.
928 4148 1073 4216 christiane
1098 4147 1130 4210 V,
1151 4163 1219 4200 corr.
1240 4145 1266 4196 o²

141 4233 168 4286 15
179 4233 294 4291 indicium
307 4239 370 4292 edio.
380 4255 432 4306 rep.
475 4238 604 4292 adunam
619 4238 656 4292 V:
671 4237 845 4292 ueramBar.
884 4239 917 4290 ‘25
933 4237 1009 4290 unire
1024 4237 1093 4288 Bur.
1131 4220 1226 4305 ‘ld'pto
1243 4235 1270 4288 V

140 4321 167 4372 31
184 4323 345 4380 munilestum
363 4326 435 4380 Bar.
