3025 4975
491 411 578 482 Epist.
599 410 799 466 CCXXXXIIH
815 413 930 466 45-53.
1219 415 1281 479 757

148 613 174 672 et
200 609 273 672 hinc
302 627 320 672 a
349 607 464 672 dextris
493 627 590 672 unum
620 607 751 670 anulum
781 609 814 672 et
841 625 860 670 a
887 606 1025 672 sinistris
1054 608 1200 685 alterum,
1227 627 1284 690 per

147 717 306 795 utramque
344 714 467 779 humeri
504 717 625 796 partem
661 713 887 796 prominentes,
919 715 1032 780 anulos
1065 714 1104 778 ad
1135 715 1282 800 iugulum

146 822 298 903 pontilicis
331 821 509 896 innuentes,
543 821 597 902 qui
630 839 740 885 rursus
774 839 810 884 ex
842 822 976 902 utraque
1004 820 1167 886 rationalis
1194 827 1282 904 parte

148 928 365 1010 spectabantur
387 927 535 1012 appositi,
558 927 603 991 ita
627 935 663 991 ut
686 926 816 1010 perinde
840 931 1078 992 concuterentur
1100 931 1132 994 et
1159 933 1284 1012 coapta-

122 1039 248 1098 sreutur
279 1035 311 1098 in
346 1054 425 1112 sese,
459 1054 514 1118 per
547 1034 627 1099 duos
657 1033 783 1098 seilicet
809 1033 922 1098 anulos
950 1033 1113 1099 rationalis
1143 1039 1176 1100 et
1203 1036 1283 1101 duos

147 1143 251 1207 anulos
285 1141 560 1224 superhumeralis,
594 1141 650 1204 uhi
682 1143 772 1204 erant
803 1139 966 1204 catenulae
999 1160 1111 1206 aureae
1149 1142 1285 1226 desuper

148 1249 352 1313 imminentes.
436 1247 495 1314 boc
537 1250 644 1311 autem
684 1246 850 1324 rationale,
892 1246 989 1310 sicuti
1030 1247 1105 1324 dini,
1147 1247 1335 1318 hahebatdll

148 1355 305 1420 duodecim
334 1355 455 1436 lapides
485 1354 547 1420 sihi
578 1357 786 1436 congruenter
807 1353 944 1418 insertos
968 1356 1064 1436 atque
1088 1356 1282 1438 compositos

148 1463 289 1544 quadrato
323 1461 441 1538 ordine,
470 1461 523 1542 qui
552 1459 599 1526 sic
626 1459 788 1523 interterti
815 1460 999 1543 probantur,
1029 1464 1066 1525 ut
1094 1465 1144 1525 est
1173 1463 1284 1527 subter

113 1589 132 1626 n
147 1587 304 1633 armenum.
328 1568 448 1650 primus
473 1567 547 1632 ordo
573 1571 667 1648 atque
692 1568 834 1648 superior
857 1585 875 1629 a
897 1567 988 1631 laeua
1011 1571 1101 1649 parte
1122 1569 1283 1650 pontilicis

147 1695 252 1740 uersus
280 1674 320 1740 ad
349 1674 488 1738 dextram
517 1674 575 1738 hos
604 1673 724 1756 lapides
754 1673 892 1737 hahebat
920 1674 1100 1756 appositos:
1129 1675 1281 1754 sardium,

147 1783 295 1864 topasion,
315 1781 529 1865 smaragdum.
550 1783 674 1864 oportet
693 1780 777 1844 enim
797 1781 829 1843 et
847 1780 907 1844 hoc
922 1780 1108 1864 diligentius
1123 1786 1281 1861 annotare,
1293 1789 1335 1852 50

147 1889 223 1953 uude
250 1888 373 1954 seilicet
399 1887 572 1969 incipiebat
599 1887 789 1970 compositio
818 1889 851 1950 et
877 1886 934 1950 uhi
960 1887 1077 1952 iterum
1106 1888 1281 1962 desinebat,

147 1996 367 2078 sciendumque
391 1994 476 2077 quod
499 1995 587 2058 iusta
609 1992 836 2058 Hebraicarum
860 1994 1017 2058 elementa
1039 1996 1217 2059 litterarum
1236 1995 1282 2058 ita

112 2119 131 2154 n
148 2102 386 2183 compositiones
401 2103 481 2166 istae
500 2101 632 2165 flebant:
654 2100 798 2164 scribunt
816 2100 933 2184 quippe
951 2101 1087 2166 Hebraei
1107 2123 1125 2166 a
1144 2102 1281 2166 sinistris

147 2207 180 2270 ad
212 2208 349 2274 dextram
382 2208 556 2272 cuiuslibet
587 2207 632 2272 rei
665 2207 847 2272 subiectum
884 2208 1025 2272 ordinem
1060 2208 1280 2292 perducentes.

146 2313 201 2397 ipsi
238 2335 312 2380 uero
349 2335 478 2380 manum
516 2313 765 2396 subsequentem
801 2315 917 2380 litteris
955 2334 974 2378 a
1011 2315 1127 2379 dextris
1165 2316 1280 2380 habere

146 2421 285 2486 uidentur
321 2422 360 2486 ad
395 2421 530 2486 laeuam.
570 2423 660 2484 eraut
692 2439 766 2505 engo
800 2440 895 2504 super
925 2421 1084 2505 pontificis
1116 2426 1229 2505 pectus
1263 2444 1281 2489 a

147 2528 274 2595 sinistris
299 2530 367 2593 eius
388 2529 512 2595 ordines
533 2519 571 2591 ad
591 2529 749 2592 dexteram
768 2528 987 2609 perducentes.
1050 2529 1173 2611 primus
1193 2531 1279 2608 ordo,
1292 2541 1331 2602 51

110 2636 311 2701 astantiam
342 2636 414 2712 dini,
445 2636 568 2701 sardius
592 2636 737 2717 topazius
762 2635 965 2719 smaragdus3
990 2636 1150 2701 secundus
1174 2640 1281 2701 autem

147 2742 348 2807 carbunculus
381 2742 551 2825 sapphirus
582 2742 698 2825 iaspis;
733 2742 847 2806 tertius
876 2742 1012 2825 ligurius
1040 2744 1169 2807 achates
1198 2764 1281 2807 ame·

146 2847 281 2930 thystus3
326 2853 468 2931 quartus,
512 2848 565 2931 qui
608 2855 640 2913 et
684 2848 831 2925 ultimus,
878 2849 1093 2932 chrysolithus
1140 2851 1279 2933 beryllus

146 2956 320 3036 onychinus.
388 2976 499 3021 rursus
535 2956 716 3021 inueuimus
755 2957 885 3021 eosdem
921 2956 1043 3037 lapides
1081 2958 1113 3019 in
1156 2957 1279 3021 duabus
1291 2960 1331 3021 52

147 3063 403 3142 superhumeralis
422 3063 567 3145 partibus
582 3062 715 3145 positos,
731 3064 763 3126 in
779 3064 894 3145 quihus
910 3063 972 3127 duo
988 3063 1109 3145 lapides
1125 3063 1279 3127 catenulis

108 3180 131 3219 2⁵
146 3168 240 3231 aureis
273 3169 465 3234 uidebantur·
496 3170 607 3234 inserti
635 3170 722 3234 iuxta
750 3175 922 3251 utrumque
950 3172 1035 3234 latus
1065 3170 1279 3244 humerorum,

146 3270 201 3335 iarn
222 3294 280 3339 non
307 3296 341 3341 ex
366 3276 686 3365 diuersislapidibus
712 3277 767 3341 sed
792 3297 826 3341 cr
851 3277 1018 3361 smaragdo
1047 3278 1278 3353 tantummodo,

145 3386 285 3463 erantque
309 3402 418 3447 rursus
444 3384 571 3447 nomina
595 3384 732 3448 filiorum
755 3384 853 3447 Israel
879 3383 1054 3447 secundum
1076 3393 1277 3464 praeceptum

144 3482 252 3551 domini
282 3489 400 3572 scripta
428 3495 523 3571 atque
552 3490 675 3573 scalpta
703 3491 733 3553 in
764 3490 890 3554 duobus
918 3490 989 3554 istis
1018 3490 1189 3572 lapidibus.
1218 3494 1331 3556 non53

143 3594 239 3657 tamen
277 3595 439 3661 euidenter
477 3598 665 3675 ostenditur,
704 3597 788 3679 quod
820 3616 933 3661 nomen
965 3598 996 3661 in
1030 3600 1117 3679 parte
1153 3596 1279 3660 dextera

106 3700 251 3776 soprasini
285 3702 385 3785 lapidi
423 3704 553 3768 inscribi
587 3704 701 3768 debeat
733 3705 785 3769 uel
823 3704 906 3787 quod
943 3705 974 3768 in
1013 3705 1142 3769 sinistra
1178 3707 1277 3786 parte,

144 3802 220 3869 sicut
254 3808 322 3891 ipse
361 3808 511 3885 decreuit,
551 3809 698 3873 similiter
735 3810 888 3885 annotari,
922 3810 983 3874 nisi
1022 3808 1107 3891 quod
1148 3828 1277 3890 prorsus

224 3946 327 4001 23-28
347 3948 379 4005 ci.
399 3948 480 4002 Exod.
500 3948 543 4013 28,
562 3950 652 4004 9-14
671 3950 724 4014 (39,
744 3950 824 4018 6-7)

176 4048 191 4101 3
208 4052 347 4107 innuentes
371 4054 404 4108 V:
424 4056 594 4109 innectentes
614 4055 695 4125 Fopp.
773 4055 901 4109 rationali
925 4054 957 4119 V,
976 4056 1082 4111 carreni
1173 4056 1205 4109 13
1225 4057 1277 4108 ite·

142 4153 196 4189 rum
217 4140 249 4193 V:
268 4143 334 4195 item
353 4142 434 4213 Fopp.
511 4146 543 4199 14
565 4148 630 4198 sest*
659 4143 732 4213 quod
751 4143 835 4213 Fopp,
900 4145 1023 4197 litterum
1047 4145 1073 4198 V
1127 4146 1159 4199 15>
1178 4146 1231 4197 iste
1255 4144 1282 4196 V

142 4225 170 4278 21
192 4228 313 4285 achathes
337 4230 363 4284 V
467 4234 502 4286 22
522 4231 677 4285 chrisolitus
702 4231 725 4285 V
815 4233 849 4285 23
869 4232 1010 4286 onichinus
1034 4232 1060 4286 V
1076 4239 1101 4287 et
1119 4233 1159 4287 sic
1176 4248 1279 4300 acrrrpcr

142 4313 174 4365 30
191 4313 282 4385 lapidis
300 4321 386 4390 Fopgr.
