3025 4975
492 392 579 462 sprec.
600 390 799 446 cexnxxnrr
817 391 931 444 ar-aa.
1222 395 1285 458 759

185 589 318 672 Oportet
345 590 453 672 itaque
480 587 631 670 primitus
659 587 739 652 hanc
768 585 957 650 diuisionem
987 605 1082 652 nosse
1110 589 1143 650 et
1166 586 1286 650 ordinis
1297 587 1340 649 56

145 695 409 779 consequentiam.
438 714 518 777 quae
552 695 726 758 secundum
760 696 898 758 aetatem
931 697 981 758 est
1012 692 1219 776 singulorum,
1253 694 1283 756 id

145 807 190 867 est
211 803 322 867 Buben
348 802 474 867 Simeon
498 802 577 866 Laui
600 800 712 868 Iudas:
736 803 866 882 propter
883 799 1024 883 iurgium
1042 819 1118 864 uero
1137 800 1286 864 Rachelis

147 914 175 972 et
205 909 289 990 qnod
318 908 392 972 data
420 908 464 972 sit
490 907 583 971 Iacob
613 907 728 971 ancilla
755 907 857 982 Balla,
886 907 1029 972 nascitur
1055 907 1143 971 iuxta
1170 908 1285 972 aetatis

121 1016 281 1080 cardinem
304 1017 379 1096 post
402 1014 514 1078 Iudam
538 1013 605 1078 Dan
631 1014 804 1095 statimque
829 1014 867 1078 de
890 1013 961 1095 ipsa
984 1013 1100 1078 ancilla
1128 1015 1286 1078 secundus

147 1123 244 1186 editur
275 1121 448 1204 Neptalim.
483 1120 594 1184 deinde
630 1140 686 1203 per
718 1120 964 1186 aemulationem
998 1121 1054 1185 Lia
1085 1140 1161 1186 uero
1199 1121 1288 1186 dedit

148 1229 287 1293 ancillam
320 1228 388 1293 uiro
423 1227 583 1309 Zelpham,
618 1245 698 1308 quae
731 1227 912 1310 concipiens
944 1229 1069 1310 peperit
1102 1228 1182 1306 Gad,
1215 1229 1287 1292 dein

148 1337 228 1399 Aser.
265 1353 377 1398 rursus
414 1333 531 1398 adiecit
566 1353 644 1398 uror
679 1334 736 1398 Lia
775 1337 812 1398 ut
850 1335 1044 1417 conciperet:
1083 1355 1163 1416 quae
1200 1336 1289 1400 iuxta

151 1441 369 1506 conscientiam
397 1441 521 1524 peperit
548 1441 687 1516 isachar,
716 1441 785 1504 erin
818 1441 969 1508 Zabulon.
1003 1442 1179 1506 nouissime
1211 1461 1287 1506 uero

117 1547 184 1611 node
210 1547 346 1612 Racheie
375 1546 490 1628 Ioseph
519 1547 660 1611 nascitur
688 1550 720 1610 et
747 1547 859 1610 deinde
887 1547 1062 1612 Beniamin.
1092 1550 1125 1611 et
1152 1551 1202 1610 est
1224 1549 1288 1612 ista

153 1653 387 1736 consequentia:
416 1653 528 1717 Buhen
558 1651 683 1718 Simeon
713 1653 792 1717 Leni
819 1654 926 1728 Iudas,
955 1654 1036 1718 Dan
1053 1659 1085 1717 et
1113 1653 1286 1736 Neptalim,

153 1759 215 1824 oen
241 1765 273 1824 et
300 1761 391 1836 Aser,
419 1759 547 1823 isachar
575 1765 607 1822 et
635 1759 787 1833 Zabulon.
816 1761 932 1842 Ioseph
955 1764 987 1823 ei
1009 1760 1184 1824 Beniamin.
1208 1760 1285 1824 haec

153 1867 268 1948 quidem
292 1866 396 1948 prima
419 1868 469 1930 est
491 1866 680 1947 compositio
705 1866 794 1930 insta
815 1867 929 1930 aetatis
954 1868 1222 1949 consequentiam.

193 1972 268 2038 Com
292 1991 368 2036 uero
393 1971 594 2053 peruenirent
617 1971 654 2035 de
679 1971 911 2052 Mesopotamia
933 1976 1112 2037 reuertente
1134 1972 1229 2037 Iacob
1253 1973 1338 2045 in57

120 2101 139 2138 a
153 2082 255 2143 terram
280 2077 437 2154 Chamon,
463 2078 602 2142 secunda
625 2076 661 2141 fit
684 2077 853 2142 diuisionis
877 2079 1083 2142 enumeratio.
1106 2078 1184 2142 fecit
1202 2079 1286 2141 enim

153 2187 236 2250 Iacob
256 2189 320 2250 tres
340 2189 462 2248 turmas
483 2183 664 2248 discernens
684 2186 827 2268 proprios
846 2184 940 2261 filios,
961 2190 993 2249 et
1010 2187 1120 2267 posuit
1135 2185 1286 2268 Zelpham

154 2293 319 2356 etBallam
344 2292 422 2356 duas
447 2291 579 2355 ancillas
604 2291 721 2355 iaciens
746 2311 840 2356 unam
864 2295 1003 2376 turmam
1027 2291 1057 2356 in
1081 2292 1192 2372 primis
1211 2311 1285 2356 cunc

154 2403 291 2479 quattuor·
320 2397 394 2464 filiis
419 2417 537 2474 earum,
561 2397 594 2461 id
619 2401 668 2462 est
691 2398 760 2461 Dan
785 2400 817 2461 et
839 2398 1014 2481 Neptalim,
1039 2397 1109 2464 Gad
1133 2403 1165 2462 et
1187 2399 1282 2477 osen

154 2504 180 2569 in
206 2507 339 2571 secunda
366 2524 442 2569 uero
470 2510 576 2569 turma
604 2506 764 2570 ordinauit
790 2506 879 2571 Liam
908 2526 982 2571 cum
1011 2526 1064 2571 sex
1096 2506 1171 2571 filiis
1204 2505 1283 2583 eins,

121 2633 140 2671 a
154 2630 206 2677 non
228 2614 286 2677 iam
312 2611 486 2677 secundum
512 2614 649 2675 aetatem
673 2612 727 2675 sed
752 2612 928 2677 secundum
945 2614 1057 2677 matris
1077 2613 1284 2690 affectionem,

154 2717 251 2783 Buben
280 2719 349 2783 dico
380 2723 413 2783 et
440 2718 578 2795 Simeon,
607 2718 685 2783 Laui
713 2721 745 2783 et
772 2718 895 2795 Iudam,
918 2720 1048 2784 isachar
1071 2725 1104 2783 et
1125 2720 1283 2795 Zabulon,

154 2824 212 2906 ipse
243 2845 316 2889 uero
351 2830 532 2907 postremus
565 2826 683 2889 mansit
716 2845 788 2889 oum
820 2826 958 2891 Rachele
987 2830 1019 2890 et
1047 2827 1163 2909 Ioseph
1191 2826 1285 2891 ualde

153 2931 281 3007 paruulo.
311 2930 478 2995 Beniamin
506 2934 613 2993 autem
641 2930 672 2993 in
702 2930 814 2995 matris
843 2931 946 2996 adhuc
976 2936 1064 2997 utero
1088 2933 1282 3013 portabatur.

153 3040 179 3097 et
214 3038 287 3101 haec
331 3036 469 3101 secunda
510 3036 658 3101 discretio
701 3038 944 3119 compositionis
983 3039 1126 3103 eiusdem
1161 3040 1283 3104 nurneri

119 3164 139 3203 a
154 3143 372 3223 comprobatur.

188 3248 307 3315 Tertius
347 3252 454 3313 autem
491 3270 642 3315 numerus
684 3252 734 3315 est
769 3251 858 3315 iusta
893 3250 988 3315 aliam
1021 3251 1283 3333 compositionem
1295 3260 1336 3322 58

151 3352 317 3419 diuisionis.
352 3356 506 3438 incipiens
539 3358 622 3421 eninr
650 3358 744 3421 Iaeoh
773 3358 891 3421 intrare
918 3358 949 3420 in
977 3358 1169 3440 Aegyptum,
1199 3358 1283 3421 siout

149 3478 411 3543 superarcanum
437 3466 496 3541 est,
521 3464 721 3547 congregatis
746 3464 835 3527 inid
859 3464 964 3545 ipsum
989 3464 1064 3527 filiis
1087 3464 1161 3527 Liae
1185 3464 1282 3528 simul

228 3722 243 3776 3
262 3740 320 3793 sqq.
341 3722 374 3777 cf.
395 3724 493 3778 Genes.
513 3742 534 3777 c.
554 3726 597 3785 29.
618 3724 651 3777 32
667 3756 700 3765 -
715 3742 736 3780 e.
755 3725 790 3779 30
846 3726 879 3779 15
899 3742 957 3794 sqq.
979 3725 1011 3779 ci.
1032 3724 1129 3779 Genea.
1149 3727 1193 3787 33.
1213 3728 1227 3779 1
1246 3742 1278 3795 sq

146 3860 253 3923 donent.
281 3880 359 3932 qnam
384 3864 474 3931 filiurn
491 3865 618 3920 irohnen't
641 3868 766 3919 ultionum
791 3873 816 3921 et
837 3868 881 3921 oia
903 3868 1009 3921 cimilia
1031 3869 1193 3935 tondensque
1214 3886 1282 3921 nar-

146 3964 214 4004 rasse
231 3952 364 4021 qnonrodo
382 3952 488 4009 Rachel
506 3954 673 4009 Benionn'no
697 3956 769 4010 ento
789 3961 891 4024 portua
914 3957 1008 4011 dolore
1030 3959 1282 4025 consecracionem

146 4036 234 4093 obierit
250 4042 280 4093 in
299 4048 375 4095 terro
396 4042 538 4096 Cicononn
555 4044 586 4096 a'n
599 4044 792 4113 Hippodromo
810 4044 973 4097 Cleobrotto
991 4050 1016 4098 et
1033 4047 1074 4099 aie
1090 4047 1283 4099 narrationem

145 4130 281 4194 confecisse
298 4130 390 4183 cercis
409 4132 538 4185 nimirum
556 4132 651 4185 LXX'
703 4149 733 4201 p.
754 4132 815 4196 758,
834 4134 868 4186 25
887 4132 1070 4202 hypporircmo
1097 4133 1123 4187 V
1170 4151 1200 4203 p.
1221 4134 1281 4198 ¹159,

145 4214 244 4283 tqnod
266 4217 300 4271 V:
322 4234 390 4288 quae
405 4218 487 4288 Fopp.
571 4222 585 4273 7
605 4220 701 4289 zelpha
724 4220 749 4273 V
835 4222 867 4275 16
886 4221 1001 4289 zelphan
1024 4221 1050 4275 V
1128 4223 1234 4277 eonon
1259 4222 1285 4275 V

145 4315 222 4370 nepta
240 4306 314 4360 linea
