3025 4975
407 494 494 564 Epist.
514 492 657 548 connum
676 495 693 547 4
713 524 746 533 -
767 492 937 548 ccxxxxm
955 494 980 547 a.
1198 496 1262 560 649

132 708 236 754 merces
274 692 307 753 et
342 689 520 771 periculum
557 688 653 753 istius
685 690 730 752 rei
769 688 861 753 uobis
899 692 1053 766 seruatur,
1093 688 1264 771 diligenter

132 798 249 860 tractate
281 798 315 859 et
346 794 565 859 firmissimum
596 814 786 876 responsum
818 814 874 877 per·
906 795 1062 860 antefatos
1095 796 1262 879 religiosos

132 903 297 979 monachos,
322 902 351 965 si
374 904 424 966 est
446 902 608 985 possibile,
633 906 802 983 autequam
826 904 952 984 legatus
977 908 1084 967 noster·
1107 902 1145 965 ad
1166 902 1263 965 beati·

132 1009 257 1073 tudinem
280 1013 423 1073 uestram
445 1009 620 1093 perueniat,
644 1008 736 1073 uobis
760 1008 930 1083 remittite3
955 1009 987 1072 in
1011 1009 1070 1073 hoc
1091 1008 1174 1073 enim
1194 1008 1261 1073 solo

108 1116 219 1180 somnis
240 1115 359 1198 pendet
381 1114 525 1180 intentio.

634 1308 742 1391 (rsa.)

166 1452 301 1498 marmus
326 1452 487 1496 nuousrus
510 1451 687 1497 uommsnns
711 1452 827 1497 eneam.
879 1452 1015 1497 nosunos
1039 1452 1098 1496 ess
1122 1452 1262 1497 cnorrros

131 1558 157 1602 m
177 1559 228 1604 sss
252 1558 422 1603 annuamus
450 1558 616 1604 rossanen
637 1557 807 1604 merscoros
831 1558 964 1603 rericus
993 1558 1169 1605 nroscosun
1192 1558 1262 1603 nra-

132 1664 214 1710 cosos
246 1667 283 1711 nn
321 1665 468 1711 sanamur
503 1666 735 1711 rnmssursaurr.
788 1646 919 1711 Summa
956 1646 1082 1729 quidem
1120 1645 1263 1710 habenda

99 1778 117 1815 ro
131 1753 208 1817 uotis
227 1758 275 1819 est
293 1754 407 1839 gratia,
427 1754 510 1835 qrrod
531 1754 665 1818 alacrem
681 1773 806 1836 operam
826 1773 887 1819 nou
908 1753 1062 1818 dubitatis
1081 1752 1262 1836 impendere

131 1858 162 1921 ad
183 1859 371 1943 colligendas
400 1860 646 1942 adunandasque
675 1860 871 1925 uenerabiles
901 1860 1064 1937 ecclesias,
1094 1878 1206 1923 uerum
1229 1860 1261 1923 in

132 1984 160 2027 ea
176 1967 331 2049 praelucet
349 1968 484 2031 maxime
503 1968 643 2050 perlecta
662 1968 813 2045 sollertia,
834 1967 917 2049 quod
932 1968 1076 2033 homines
1093 1966 1261 2049 adoptatis

131 2074 175 2153 qui
194 2078 265 2139 uoto
284 2074 434 2140 beniuolo
458 2078 532 2139 tuse
552 2075 775 2139 sanctitudinis
795 2074 917 2140 sincero
937 2094 973 2140 sc
992 2075 1116 2157 integro
1136 2074 1262 2156 possint

131 2179 218 2245 animo
245 2180 414 2245 deseruire.
466 2180 642 2246 Germanus
684 2181 840 2263 siquidem
874 2181 1152 2245 reuerentissimus
1196 2180 1255 2262 epi·
1285 2179 1304 2239 2

99 2313 118 2350 a
132 2303 231 2367 scopus
253 2306 309 2352 nec
334 2306 395 2350 non
414 2284 503 2351 Fe‘lir
526 2289 559 2350 et
581 2288 754 2353 Dioscorus
780 2291 811 2352 et
834 2288 976 2352 Blandus
1000 2286 1061 2351 uiri
1085 2286 1259 2371 religiosis-

124 2391 300 2459 similante
327 2397 429 2458 semet
455 2394 669 2475 praebuerunt
697 2393 845 2460 adtentos
873 2394 1029 2458 industria
1052 2412 1088 2457 ac
1111 2393 1141 2456 in
1169 2396 1259 2457 tauta

130 2500 266 2582 sapientia
308 2501 430 2567 uersati
471 2505 556 2577 sunt,
597 2505 644 2579 ut,
688 2505 840 2585 quantum
885 2503 925 2566 ad
966 2502 1106 2567 officium
1150 2519 1257 2566 eorum

130 2607 255 2686 pertinet,
292 2608 462 2672 transactis
500 2609 531 2672 in
568 2609 698 2690 plenum
731 2612 764 2672 et
797 2609 965 2673 elaboratis
999 2607 1146 2672 omnibus
1178 2607 1258 2671 nihil

129 2714 324 2780 altercationis
353 2720 535 2796 superesset
563 2716 708 2780 ulterius.
756 2715 812 2780 sed
841 2735 913 2780 cum
942 2734 978 2779 ea
1007 2715 1186 2780 conditione
1215 2715 1258 2778 sit
1282 2715 1301 2776 3

96 2823 253 2886 omortalis
289 2822 458 2904 fragilitas,
491 2827 529 2886 ut
560 2823 727 2888 remissius
766 2823 849 2888 circa
886 2843 919 2889 se
952 2823 1005 2902 agi
1036 2821 1194 2885 desideret
1227 2825 1258 2884 et

128 2925 409 3012 intemogatiouibus
448 2929 516 2993 suis
549 2930 677 3012 planum
715 2930 858 3011 praeberi
890 2949 1088 3012 responsum,
1122 2928 1256 2992 maxime

129 3047 190 3095 cum
210 3035 312 3117 aliqua
340 3053 438 3099 causa
459 3035 491 3099 in
510 3036 699 3100 immensam
719 3037 882 3101 hominum
903 3035 1142 3100 multitudinem
1162 3035 1258 3099 fuerit

130 3135 270 3219 deuolute,
302 3143 424 3207 factum
457 3147 516 3217 est,
545 3148 583 3206 ut
609 3142 641 3206 in
665 3143 724 3207 hac
753 3143 881 3224 quidem
910 3143 987 3207 urbe
1020 3141 1255 3218 florentissima,

128 3245 261 3329 quioquid
298 3249 477 3313 ordinatum
518 3254 568 3314 est
600 3250 637 3314 de
671 3269 767 3314 causa
802 3249 966 3334 religionis
1000 3250 1101 3332 deque
1134 3248 1256 3312 unitate

157 3514 172 3563 2
188 3516 315 3570 antehtos
338 3516 371 3577 V.
389 3531 458 3570 corr.
481 3516 561 3570 Thicl

158 3601 217 3658 1⁹2.
250 3605 318 3659 Dat.
339 3605 436 3670 (mmai
454 3622 515 3659 cum
533 3609 774 3675 epp.194-198)
795 3623 821 3659 a.
844 3611 904 3658 520
923 3607 967 3659 die
987 3610 1004 3658 9
1022 3605 1100 3672 Iulii,
1115 3623 1167 3674 per
1188 3607 1254 3658 Ger·

128 3703 224 3745 monam
240 3702 302 3761 σίας
321 3699 434 3764 accepta
453 3695 497 3747 die
514 3698 551 3746 17
568 3695 642 3763 Sept.
683 3695 757 3749 Edd.
781 3695 843 3748 Car.
864 3693 895 3746 1²
916 3700 989 3760 532l,·
1010 3694 1117 3750 Collect.
1139 3695 1256 3761 senoil,-

132 3775 198 3832 Tlriel
215 3783 277 3851 9185
295 3789 486 3837 commemorat
504 3782 574 3836 Bor.
595 3783 634 3836 ad
647 3799 673 3836 a.
691 3785 757 3845 620,
778 3787 825 3837 28,
864 3783 878 3835 7
892 3799 947 3850 sqq.
962 3785 1069 3836 nostros
1081 3823 1086 3834 .
1098 3823 1103 3835 .
1115 3783 1255 3852 presbyte-

128 3880 176 3918 mm
198 3869 377 3926 Vminatiore
394 3872 551 3926 charactere
568 3873 598 3925 ia
618 3873 741 3941 rnarpinc
786 3873 802 3924 8
821 3871 981 3940 Iohannem]
1003 3871 1140 3924 Iohannis
1157 3887 1255 3924 monaco

128 3951 166 4006 dic
177 3973 222 4024 per
238 3977 352 4014 errorem
371 3961 492 4026 (notarii
515 3961 661 4028 apostolici
683 3967 715 4013 ut
732 3961 857 4026 uidetur)
879 3961 1005 4013 additum
1025 3965 1070 4022 est,
1089 3962 1189 4028 qrcrppc
1207 3961 1255 4028 qui

129 4045 279 4110 “wadiare
306 4055 428 4104 retentus
451 4049 500 4116 (cf.
528 4067 568 4118 cp.
593 4053 656 4103 200
678 4049 699 4120 5
723 4051 755 4118 2)
783 4049 889 4102 deorum
914 4049 958 4102 dic
986 4052 1003 4100 9
1029 4049 1101 4115 Sept.
1128 4063 1188 4100 cram
1213 4065 1252 4114 cp.

129 4131 180 4183 232
202 4135 439 4206 Constantinopoli
456 4139 598 4206 profectus
614 4139 659 4192 ait.
679 4145 786 4192 tacetur
808 4139 938 4191 nimirum
957 4136 1095 4191 Iohannis
1112 4153 1211 4190 acorem
1230 4143 1254 4191 el

128 4217 154 4270 io
167 4219 240 4278 surm
255 4228 389 4297 epistulae
406 4226 497 4298 §2et
510 4229 541 4280 ire
559 4243 598 4295 ep.
618 4230 675 4280 195
693 4227 713 4297 ,d
734 4231 752 4280 7
847 4227 862 4280 8
883 4213 943 4280 dia—c
963 4227 987 4278 l'
1058 4227 1090 4280 13
1110 4226 1197 4295 possit
1221 4226 1252 4286 V,

128 4310 227 4402 fort&
331 4317 364 4369 16
383 4333 415 4370 ac
434 4314 473 4368 0²:
493 4316 544 4368 hac
567 4315 593 4368 V
688 4315 720 4370 18
738 4317 776 4368 im
801 4315 827 4368 V
914 4316 948 4368 22
967 4316 1122 4368 immensam
1142 4314 1254 4383 scripsi:

129 4408 241 4455 laumense
262 4403 292 4469 V,
312 4421 365 4473 quo
383 4409 493 4458 senoreto
511 4405 715 4458 multitudines
