3025 4975
554 463 641 534 Epist.
662 463 862 518 ccxxxxnss
881 466 994 519 25-30.
1277 471 1339 533 751

196 662 350 739 asperata.
377 657 531 742 scriptum
555 662 661 723 autern
687 663 735 722 est
758 659 791 722 in
814 660 885 742 lege
905 659 1062 724 uisionem
1080 660 1165 724 Mosi
1185 661 1214 725 in
1235 669 1342 726 monte

194 766 298 830 ueluti
323 783 419 846 super
441 764 545 848 lapide
570 765 718 848 sapphiro
742 765 843 830 fuisse
867 766 1070 830 declaratam.

241 891 279 934 ns
300 891 414 936 amnon
434 891 572 936 rasuras.
633 872 735 953 Iaspis
756 876 805 938 est
824 872 906 954 lapis
925 873 1017 964 uelut
1031 874 1169 962 speeiem
1186 874 1343 960 smaragdi
1354 871 1396 934 28

192 979 341 1056 reterens,
373 979 427 1061 qui
456 978 540 1060 apud
569 967 650 1041 ostia
678 977 921 1043 Thermodontis
950 979 1090 1044 fluminis
1119 980 1280 1044 inuenitur
1312 986 1344 1044 et

156 1069 278 1168 aa'pud
311 1077 528 1151 Amathunta:
562 1069 622 1148 noh
657 1103 736 1166 quae
770 1085 801 1149 in
835 1083 936 1168 Cypro
971 1089 1030 1157 est,
1066 1086 1122 1150 sed
1159 1087 1345 1151 naturaliter

190 1193 456 1256 Amathusiorum
490 1190 651 1276 generatio
686 1191 854 1273 multiplex
886 1192 1029 1256 habetur.
1064 1192 1116 1257 hic
1148 1213 1224 1258 uero
1261 1193 1343 1275 lapis

190 1299 273 1362 hane
308 1297 404 1362 habet
437 1299 591 1380 speciem:
626 1297 685 1362 sub
720 1297 887 1382 smaragdo
922 1302 971 1362 est
1002 1299 1246 1363 interuirescens
1286 1299 1343 1363 sed

188 1405 359 1468 obtunsior
393 1407 424 1468 et
458 1405 630 1470 obscuriora
664 1404 861 1486 interiusque
896 1424 1011 1488 corpus
1043 1407 1139 1470 habet
1172 1406 1274 1471 uiride
1303 1407 1342 1469 ad

187 1511 292 1576 instar
325 1511 483 1594 aeruginis
516 1511 607 1575 aeris.
642 1510 841 1575 delectantur
869 1514 974 1576 autem
1004 1513 1201 1595 phantasiae,
1230 1513 1262 1577 id
1293 1519 1342 1578 est

138 1618 439 1700 aspernationes,
481 1619 555 1682 huic
598 1618 745 1694 insidere,
790 1619 874 1682 sieut
909 1623 1065 1683 asserunt.
1105 1621 1158 1702 qui
1196 1621 1343 1686 fabulosa

189 1729 452 1788 cornnrenrortan
570 1725 734 1788 et'alia
727 1726 827 1807 iaspis
856 1726 991 1790 albidior
1019 1746 1114 1808 quam
1141 1747 1238 1799 mare
1266 1727 1394 1792 floreta

188 1851 267 1895 nero
292 1831 372 1895 tinct
373 1745 502 1914 araquee
505 1729 664 1914 Spressior.
690 1832 751 1896 alia
775 1851 851 1896 uero
874 1832 906 1895 in
931 1833 1093 1914 speluncis
1117 1832 1191 1897 ldae
1210 1838 1300 1898 mont
1301 1833 1340 1909 is

189 1937 246 2019 qui
277 1941 326 2000 est
353 1939 384 2000 in
412 1938 560 2021 Phrygia,
589 1939 747 2020 reperitur
775 1938 889 2002 similis
917 1938 1065 2022 sanguini
1095 1939 1254 2016 cochleae,
1284 1939 1341 2003 sed

188 2035 328 2108 lucidior
346 2045 447 2127 magis
468 2049 500 2108 et
520 2045 621 2109 ueluti
641 2045 776 2109 similior
791 2046 864 2109 uino
881 2049 913 2108 et
927 2046 1108 2127 amethysto
1124 2045 1339 2110 rubicundior.

135 2169 252 2214 1511011
283 2152 365 2214 enirn
394 2155 468 2215 sunt
497 2153 592 2215 arrius
622 2151 735 2216 eoloris
766 2150 971 2232 eiusdemque
1000 2153 1170 2233 potentiae,
1200 2152 1256 2216 sed
1279 2152 1340 2215 alia

189 2257 321 2338 quidem
355 2257 454 2322 rarior
486 2262 536 2322 est
565 2261 596 2322 et
625 2258 761 2322 albidior
789 2277 883 2339 quam
912 2277 964 2321 aer
991 2257 1082 2336 firmi,
1112 2269 1220 2330 <nee>
1246 2258 1339 2322 nimis

188 2364 348 2446 effulgens
385 2383 441 2427 nee
476 2364 589 2446 impar,
628 2364 704 2428 item
743 2365 905 2428 caeruleae
942 2364 1142 2441 uihrationis,
1176 2365 1278 2429 ueluti
1312 2366 1338 2428 si

186 2475 334 2552 tempore
363 2470 476 2536 hiemis
507 2471 544 2535 de
574 2475 655 2535 terra
684 2491 783 2553 uapor
811 2473 866 2535 aut
893 2471 1007 2535 nebula
1036 2476 1143 2563 austro
1177 2473 1339 2538 desinente

187 2582 374 2661 consurgat.
404 2578 474 2645 alia
500 2598 580 2660 quae
605 2578 718 2661 glaciei
743 2578 859 2642 similis
884 2581 943 2655 est
968 2578 1007 2641 ab
1031 2578 1092 2657 his,
1117 2580 1171 2661 qui
1194 2580 1340 2644 fabulosa

127 2711 161 2751 αα
186 2686 323 2767 lingunt
348 2684 529 2790 phantasiis
549 2684 624 2749 dicit
612 2690 664 2749 tur
688 2704 756 2749 csse
777 2684 963 2748 remedium.
983 2689 1087 2768 repert
1089 2705 1142 2749 um
1163 2689 1212 2749 est
1231 2689 1337 2750 autem

185 2790 227 2855 ab
266 2791 465 2855 Hiberist
434 2794 465 2854 et
502 2796 574 2873 pas
562 2792 685 2855 onhus
722 2791 950 2873 Hvrcanorum
985 2791 1038 2873 qui
1072 2792 1155 2855 cirea
1187 2790 1338 2874 Caspium

149 2898 295 2991 ‘solum
324 2896 494 2979 lacumque
524 2898 715 2965 consistunt.
745 2899 855 2963 estet
841 2898 929 2960 al
915 2902 964 2960 er
991 2894 1102 2980 iaspis
1126 2898 1389 2980 quiuoeatu130

183 3004 348 3087 oppalius.
389 3004 504 3068 similis
542 3003 670 3068 niuibus
709 3010 765 3067 aut
798 3005 922 3086 spumis
955 3004 1052 3068 maris
1084 3011 1140 3068 aut
1173 3005 1277 3069 ueluti
1309 3005 1337 3069 si

279 3246 290 3297 1
312 3244 396 3299 Exod.
416 3246 458 3304 24.
481 3246 512 3300 10

219 3410 236 3459 ζ)
257 3420 366 3472 asiaque
382 3405 408 3457 in
424 3405 495 3474 cipro
515 3404 540 3455 l'
591 3404 638 3458 sed
657 3410 756 3459 natura
774 3406 869 3460 littera
888 3407 1082 3460 mathusiorum
1103 3406 1134 3469 V,
1154 3422 1222 3460 corr.
1236 3404 1335 3475 hyp,-

179 3494 230 3548 sed
251 3494 333 3547 aliam
353 3510 413 3545 narn
428 3494 648 3547 Arnathusiorunr
664 3493 796 3562 Dindorf
811 3492 851 3561 (oi
871 3496 918 3564 τὴν
939 3494 965 3545 ἐν
985 3494 1090 3563 Κύπρῳ,
1111 3493 1167 3546 ἀλλ’
1188 3491 1242 3546 ἔστι
1258 3495 1334 3564 γένος

178 3580 249 3635 πολὺ
272 3578 432 3651 καλούμενον
460 3574 636 3651 ’Λμαθαόσιαν
659 3582 734 3651 Εμῑ,
759 3582 788 3636 od
812 3602 834 3637 τ.
859 3583 879 3639 ὲ.
904 3580 935 3635 ll.
959 3581 1016 3634 ἀλλ’
1041 3582 1145 3652 (ἑτέραν
1171 3581 1250 3635 rard>
1280 3581 1335 3636 ἔστι

181 3672 251 3740 <peip
290 3668 366 3739 γένος
390 3675 437 3723 etc.
457 3669 597 3737 Ditsdors]
659 3672 762 3723 Ἱκατὰ
780 3672 827 3741 τὴν
847 3669 995 3741 αμάρααδόν
1014 3669 1067 3722 ἐστι
1085 3669 1250 3740 χλωρίζαααα
1267 3670 1334 3739 ΕΡ]

180 3760 217 3813 10
244 3757 437 3827 speculationis
469 3758 499 3820 V,
526 3775 594 3812 corr.
620 3758 704 3829 Fopp.
796 3759 915 3812 incidere
941 3758 1071 3825 Dirrdorf
1158 3756 1195 3821 ὡς
1215 3756 1331 3811 δὲταῦτα

175 3846 333 3917 ἠκούσαμεν
353 3840 416 3897 εἶναι
434 3844 578 3915 φαντασίας
598 3846 633 3909 ὡς
653 3846 676 3899 οἱ
690 3846 835 3918 μυθολόγοι
848 3846 966 3916 λε’γοεαιν
980 3852 1107 3915 corrupte
1115 3846 1184 3914 Ep.¹
1239 3848 1269 3900 ll
1292 3853 1334 3899 est

175 3951 214 3989 or
234 3943 262 3987 et
287 3934 312 3985 V
383 3934 414 3986 13
429 3932 536 4003 phrigia
560 3936 586 3984 V
656 3938 689 3990 ld
713 3935 860 3989 amethisto
884 3936 910 3989 V
982 3937 1013 3987 lo
1038 3935 1123 3989 rarior
1146 3952 1178 3989 eos
1203 3935 1287 3989 ratior
1311 3935 1333 3986 V

178 4022 342 4093 (χαυνοτέρα
359 4022 437 4092 sps)
496 4040 544 4076 nec
562 4025 669 4079 temerari
685 4025 833 4079 secundum
852 4024 919 4093 Ep.¹
938 4019 996 4075 odra
1016 4022 1082 4077 πάνυ
1108 4021 1249 4090 ατιλβαασα
1273 4020 1331 4075 οὔτε

175 4108 258 4164 πάλιν
279 4108 426 4163 ἀποδέουσα
535 4113 566 4165 17
587 4118 651 4179 post
669 4114 757 4181 impar
775 4114 947 4181 interpnrrsai:
967 4128 1014 4165 nee
1035 4112 1206 4181 imperitam
1227 4111 1332 4163 cerulea

174 4199 418 4253 uibralioaeconi.
433 4198 517 4268 Fopp.
562 4200 722 4255 bibrationis
738 4201 763 4253 V
800 4203 833 4255 19
851 4202 938 4269 glaeie
962 4201 993 4261 V.
1013 4216 1081 4255 corr.
1100 4199 1184 4268 Fopp.
1222 4200 1255 4252 21
1276 4200 1330 4251 hir·

174 4304 307 4341 canorum
333 4286 358 4338 V
422 4288 456 4340 ‘22
476 4289 520 4357 qni
540 4287 639 4358 Forma
661 4306 712 4357 que
736 4289 763 4341 V
826 4290 860 4341 ‘23
880 4289 1002 4357 oppalius
1021 4288 1133 4356 scripsi:
1152 4287 1275 4356 appalius
1300 4288 1331 4350 l',

174 4376 306 4445 Opallius
324 4374 423 4446 Fopp.‚·
442 4374 454 4427 ὁ
476 4374 584 4436 παλαιὸς
604 4378 670 4446 Ep.¹
690 4384 817 4446 corrupte
869 4378 984 4431 nauibus
1009 4376 1033 4427 l’
1049 4393 1116 4431 corr.
1136 4376 1221 4445 Fopp.

234 4498 315 4537 XXXV
331 4509 384 4547 pars
398 4502 417 4539 2.
1221 4479 1257 4533 48
