3025 4975
219 446 282 511 546
386 440 531 495 Hormisda
550 440 682 510 episcopis
701 440 730 491 in
750 437 870 493 Orientis
888 437 1011 507 partibus
1032 436 1189 491 constitutis

218 638 246 703 si
265 656 333 715 sna,
354 636 439 701 sicut
458 634 599 700 continet
618 633 758 701 doctrina
776 634 858 717 ipsa,
876 652 938 699 non
957 631 1090 715 quaerit,
1109 650 1173 696 non
1190 630 1364 715 incongrue

218 744 338 810 abusus
374 742 543 827 priuilegio
582 760 664 818 meo,-
703 740 789 823 quod
824 740 886 804 tibi
918 738 1027 822 potius
1063 738 1213 822 prodesse
1249 737 1364 819 possit,

174 860 194 921 2
218 851 360 917 exhibeo.
407 851 568 932 expectare
592 848 676 913 enim
695 867 746 913 me
766 848 875 913 decuit
893 847 932 911 ab
952 846 1122 911 errantium
1142 844 1364 911 coniunctione

217 961 249 1023 te
280 956 416 1023 liberum
448 960 482 1020 et
513 955 560 1021 sic
593 974 696 1020 amare
726 958 913 1031 correctum,
944 953 1053 1019 uidere
1081 952 1120 1017 ab
1147 951 1363 1035 improbandis

217 1064 319 1129 diuidi
342 1065 436 1145 atque
459 1062 505 1127 ita
525 1062 679 1128 litterario
704 1080 847 1126 sermone
871 1060 1051 1142 complecti.
1082 1059 1138 1125 sod
1158 1078 1254 1141 quem
1271 1061 1363 1141 optes
1395 1078 1407 1119 s

217 1171 375 1249 reducem,
401 1188 458 1235 cnr
479 1168 605 1235 differas
628 1186 742 1235 uocare
766 1167 965 1232 tardantem?
993 1186 1049 1231 cur
1071 1186 1133 1230 non
1157 1166 1250 1230 detur
1270 1166 1364 1231 locus

216 1277 435 1355 moderationi,
455 1294 528 1342 cum
546 1275 626 1339 nihil
645 1274 822 1339 detrahitur
847 1273 1023 1356 aequitati?
1046 1272 1259 1357 impendenda
1276 1274 1363 1348 sunt,

217 1404 296 1467 quae
323 1383 541 1448 laborantibus
573 1384 718 1465 prosunt,
747 1384 775 1446 si
802 1399 860 1445 nos
889 1380 1054 1446 societatis
1086 1379 1273 1463 contagione
1300 1399 1363 1444 non

173 1490 374 1574 3p011uunt.
428 1490 506 1555 haec
540 1507 637 1554 causa
664 1487 744 1553 mihi
770 1487 834 1552 fuit
864 1486 1078 1570 praesentium
1109 1487 1298 1564 litterarum,
1325 1490 1365 1550 ut

216 1597 332 1674 horter,
356 1598 395 1659 ut
416 1614 572 1673 moneam,
596 1614 635 1659 no
659 1597 775 1659 terram
794 1596 936 1659 nostram
954 1594 1055 1658 iacere
1073 1593 1233 1677 patiamur
1253 1592 1363 1676 regie
1383 1614 1409 1653 ιο

217 1703 343 1787 gentius
367 1701 579 1768 infecundam.
612 1720 674 1767 non
697 1700 752 1765 diu
775 1700 1008 1767 infructuosam
1035 1700 1179 1765 arborem
1207 1718 1363 1782 occupare

216 1810 321 1875 solum
359 1809 496 1892 diligens
532 1808 689 1890 permittit
725 1808 880 1892 agricoia;
921 1807 1078 1889 patienter
1114 1809 1267 1889 expectat,
1304 1806 1363 1871 sed

171 1917 369 2000 4numquid
402 1916 462 1981 sub
499 1916 735 1980 continuatione
767 1915 938 1998 perdurat?
970 1918 1106 1979 uocatus
1138 1914 1178 1978 ad
1210 1913 1363 1978 salutaria

215 2041 277 2088 non
297 2021 444 2099 moreris3
465 2040 562 2105 prope
582 2022 620 2087 ab
642 2022 824 2087 innocentia
841 2041 902 2086 non
921 2021 1051 2099 recedit,
1071 2021 1125 2104 qni
1145 2020 1185 2085 ad
1204 2040 1272 2085 eam
1291 2020 1361 2084 sine

215 2130 364 2195 tarditate
378 2128 555 2193 reuerterit.
573 2146 702 2193 mouere
715 2130 842 2211 patrum
858 2128 988 2193 monitis
1003 2131 1037 2193 et
1046 2128 1198 2193 insistens
1213 2126 1360 2191 fidelibus
1380 2147 1409 2188 rs
1506 2147 1507 2152 ¹

216 2237 283 2300 sine
306 2236 400 2319 lapsu
424 2239 480 2301 aut
503 2253 606 2300 erroro
629 2235 780 2319 uestigiis
806 2235 1027 2319 praecedentia
1049 2235 1142 2300 deluo
1164 2234 1359 2317 portatura.

173 2360 192 2423 5
217 2342 340 2407 adiacet
361 2342 422 2406 tibi
444 2341 539 2408 modo
564 2342 604 2406 ad
625 2341 713 2407 iusta
740 2342 876 2424 populos
898 2340 1069 2419 incitando,
1096 2340 1190 2406 modo
1218 2360 1274 2422 pro
1297 2340 1360 2405 fide

213 2448 441 2532 principalibus
465 2448 613 2533 uestigiis
637 2448 845 2532 supplicando
874 2448 1009 2532 dirigere
1033 2448 1118 2532 quod
1145 2447 1276 2513 denium
1299 2450 1360 2526 est,

216 2555 351 2620 solidare
380 2554 465 2637 quod
493 2553 635 2619 dubium.
669 2573 782 2638 magno
811 2557 843 2619 te
871 2555 1020 2620 conuenit
1045 2556 1154 2620 labore
1180 2554 1360 2637 prouidere,
1506 2622 1507 2637 χ

215 2665 252 2727 nt
279 2679 391 2725 causas
424 2661 576 2726 transacti
602 2661 756 2744 temporis
783 2664 888 2726 rectae
915 2665 1003 2745 tegat
1030 2661 1185 2727 aediditas
1214 2659 1360 2726 actionis.
1380 2681 1408 2721 ro
1506 2654 1507 2734 J

214 2769 355 2850 praestat
386 2767 514 2850 quidem
547 2767 669 2832 animae
698 2787 785 2846 suae,
817 2787 874 2851 per
905 2787 1000 2850 quem
1031 2768 1206 2833 uniuersali
1236 2767 1361 2849 aliquid

215 2875 375 2940 confertur
406 2875 568 2953 ecciesiae,
598 2875 702 2940 etita
730 2893 765 2940 se
792 2893 842 2939 res
870 2876 976 2952 habet,
1005 2879 1043 2940 ut
1070 2876 1098 2941 si
1125 2875 1302 2953 studiosus,
1332 2875 1361 2940 si

213 2979 393 3044 indefessus
421 2979 584 3058 institeris,
613 2978 669 3044 fiat
695 2980 755 3044 tibi
783 2980 874 3045 utilis
903 2999 999 3046 causa
1031 2981 1220 3048 communis.
1276 2983 1362 3046 Data

213 3089 251 3151 ut
273 3105 376 3170 supra.

304 3282 317 3334 i
339 3279 398 3336 Cor.
418 3279 432 3333 I
453 3280 496 3344 13,
514 3283 530 3334 5
588 3281 621 3333 12
641 3279 674 3333 cs.
694 3278 783 3334 Iacob.
803 3283 829 3343 5,
850 3281 865 3333 7

202 3429 206 3436 ·
251 3405 263 3456 1
292 3420 346 3457 non
372 3403 511 3468 (fraeda
535 3419 568 3457 ea
592 3421 608 3456 u
633 3409 770 3458 correcto:
793 3407 855 3469 aa)
875 3403 1038 3472 incongruae
1062 3403 1089 3456 V
1175 3404 1192 3457 3
1221 3402 1314 3456 exibeo
1333 3403 1362 3456 V

214 3491 296 3545 dcent
317 3492 349 3556 V,
369 3508 471 3546 corae
526 3493 716 3562 4correptum
739 3491 769 3554 V,
790 3508 859 3546 corr.
880 3490 908 3544 0²
962 3492 1185 3546 ‘dmoderacionc
1203 3490 1234 3552 V,
1253 3507 1359 3560 comp

214 3579 366 3649 datregitur
388 3581 419 3643 V,
439 3596 540 3634 corae
604 3579 763 3634 8socitatis
787 3581 814 3633 V
875 3579 1047 3650 16ι1ἱ1ιιιρ2
1111 3582 1144 3635 17
1162 3579 1302 3634 incitanda
1324 3579 1359 3641 V,

213 3684 282 3722 corr.
302 3665 330 3717 ιι2
419 3671 454 3724 20
472 3674 545 3724 recte
569 3670 601 3732 V,
621 3685 689 3725 corr.
709 3687 722 3738 ρ
814 3671 848 3723 23
872 3669 1029 3723 indefensus
1052 3670 1167 3724 istitem's
1191 3668 1221 3731 V,
1242 3684 1311 3722 corr.
1332 3667 1360 3740 ρ2

213 3757 287 3809 Data
305 3759 336 3809 ut
354 3773 435 3826 supra
458 3758 488 3820 V,
508 3757 582 3825 qood
605 3773 663 3812 aon
686 3757 726 3811 cd
748 3775 809 3811 com
826 3775 897 3827 quoe
912 3759 1054 3827 praecedit
1072 3758 1220 3827 monetalem
1238 3758 1358 3825 reseren-

214 3845 279 3898 dum
296 3845 411 3914 eapoaui
426 3846 555 3916 Beitrdpe
572 3850 609 3899 10
626 3861 665 3914 oq.
