3025 4975
525 338 613 408 apra.
632 336 783 393 cxxxvii
800 338 897 393 e-ra.
1218 339 1284 405 563

138 535 278 619 Hillyriis
303 536 431 620 cognita
455 553 565 599 eorum
587 534 798 618 pemersitate
818 533 1012 612 deserantur,
1030 535 1143 617 procul
1160 534 1283 615 positos

137 642 332 727 ignorantiae
355 661 423 725 spe,
446 641 612 706 fraudibus
638 644 694 705 aut
715 642 815 705 uariis
834 641 956 706 artibus
974 641 1120 705 nituntur
1137 640 1284 717 adlicere,

138 749 200 814 uisi
223 751 261 814 ut
286 750 404 826 lucem,
433 768 529 830 quam
556 748 618 830 ipsi
647 766 708 812 non
732 748 861 825 habent,
884 747 917 811 in
940 746 1013 812 aliie
1037 766 1163 830 quoque
1186 746 1286 831 impia

138 854 323 939 contagione
361 855 616 920 commaculent?
684 856 723 919 ut
760 856 879 931 autem,
920 874 1000 937 quae
1041 854 1107 919 sint
1145 852 1338 936 partiumlb

113 980 244 1026 aearum
273 961 391 1038 studia,
419 961 553 1043 possitis
582 980 763 1045 agnoscere,
790 961 898 1042 plures
926 960 1094 1037 Threcum,
1117 961 1196 1025 licet
1217 980 1285 1043 per·

138 1068 337 1151 sequentium
356 1068 538 1134 incursibus
557 1069 744 1141 atterantur,
763 1067 795 1132 iu
815 1071 924 1133 nostra
941 1071 1049 1133 tamen
1064 1068 1285 1133 commuuione

137 1176 312 1258 persistunt
331 1176 469 1240 scientes
488 1174 556 1239 fieri
574 1174 670 1239 fidem
693 1193 749 1257 per
772 1173 906 1238 aduersa
928 1175 1104 1239 clariorem.
1127 1175 1286 1239 Dardania

138 1288 167 1347 et
197 1282 377 1365 Hillyrioua
411 1282 516 1347 uicina
548 1280 727 1345 Pannoniae
762 1300 779 1343 a
811 1281 912 1355 nobie,
947 1282 1031 1361 qnod
1058 1282 1122 1345 iam
1149 1281 1284 1346 fecimus

137 1390 189 1453 ubi
216 1388 433 1454 necessarium
461 1389 533 1465 fuit,
561 1390 598 1453 ut
626 1388 688 1453 sibi
716 1388 859 1471 episcopi
886 1387 1115 1465 ordinarentur,
1143 1388 1284 1471 expetiit,

101 1516 122 1557 n
137 1496 165 1559 in
192 1500 320 1561 tantum
348 1514 382 1560 se
411 1515 429 1560 a
456 1495 614 1560 consortio
644 1494 840 1577 perditorum
870 1513 1014 1577 separare
1038 1494 1224 1579 gaudentes,
1247 1496 1286 1560 ut

136 1604 273 1668 remedia
296 1605 492 1686 quaererent,
517 1601 688 1666 dummodo
713 1620 880 1666 commune
905 1620 977 1665 cum
996 1601 1284 1684 transgressoribus

137 1710 212 1774 nibil
244 1709 408 1774 haberent.
441 1708 529 1792 llpiri
560 1708 835 1789 metropolitanus,
868 1707 928 1773 hoc
961 1711 1011 1773 est
1041 1707 1283 1791 Nicopolitanue

138 1816 315 1897 episcopus,
345 1835 419 1880 cnm
447 1816 566 1899 synodo
596 1833 653 1879 sua
680 1833 781 1895 nuper
812 1818 998 1897 segregatus
1032 1816 1070 1881 ab
1102 1814 1211 1896 impiis
1243 1814 1284 1879 ad

138 1922 344 2005 apostolicam
386 1921 640 1987 communionem
686 1920 882 2003 deprompta,
930 1940 1010 2003 quae
1056 1921 1089 1985 id
1134 1921 1282 1999 afficeret,

101 2054 122 2093 a
137 2028 331 2111 professione
365 2046 399 2093 se
433 2028 578 2093 contulit.
648 2046 728 2110 quae
765 2027 836 2092 ideo
873 2028 1002 2109 scriptis
1041 2027 1332 2093 aestimauimusll

137 2135 270 2200 indenda
306 2134 537 2217 praesentibus,
570 2137 608 2197 ut
639 2136 724 2198 siout
755 2138 874 2199 sortem
905 2153 963 2199 nos
996 2135 1147 2200 conuenit
1177 2133 1283 2199 dolere

137 2242 347 2324 pereuntium,
375 2241 421 2305 ita
447 2242 602 2305 laetemur
629 2241 747 2324 pariter
770 2241 809 2304 da
833 2242 936 2306 salute
959 2242 1168 2306 remeantium
1191 2245 1225 2306 et
1246 2242 1284 2305 ut

137 2348 241 2414 fideles
270 2348 438 2413 constituti
462 2348 501 2412 ab
526 2348 571 2411 eis
594 2346 721 2430 longius
744 2347 951 2425 iustmautur‚
975 2368 1038 2430 qua
1059 2348 1149 2412 uirus
1173 2366 1283 2412 eorum

135 2454 352 2520 sollicitudine
381 2454 495 2520 debeat
522 2452 629 2538 effugi,
659 2472 739 2536 quos
770 2454 934 2519 ataenis
958 2454 1087 2520 uideant
1108 2458 1174 2519 tam
1197 2453 1284 2520 iusta

100 2561 346 2628 adetestatione
378 2561 482 2626 uitari.
553 2565 584 2624 et
616 2579 674 2624 nos
707 2560 837 2642 quidem
875 2561 1120 2644 dispensationis
1157 2564 1334 2628 nostrae12

137 2687 290 2736 memores
314 2686 445 2733 necesse
469 2669 519 2731 est
542 2685 596 2732 eos
619 2666 773 2749 repetitae
791 2668 960 2752 legationis
981 2668 1085 2733 officio
1105 2668 1282 2746 conuenire,

137 2794 194 2856 quo
214 2776 332 2840 affectu
360 2773 546 2839 saluationis
566 2792 653 2851 enee,
673 2775 700 2838 si
719 2779 867 2856 respectu
886 2775 946 2847 dei.¹
968 2775 996 2840 si
1013 2775 1144 2840 rationis
1162 2775 1283 2840 iutuitu

137 2900 193 2946 non
225 2883 407 2951 mouentur.
442 2880 554 2946 saltem
587 2880 791 2961 pulsantibus
812 2881 991 2964 importune
1021 2885 1054 2946 et
1080 2881 1284 2962 pertinaciter

137 2989 339 3070 acquiescant
362 2991 394 3052 et
417 2989 473 3051 ant
496 2987 535 3051 ad
558 2989 677 3052 rectam
700 2987 788 3052 uiam
812 2987 979 3053 declinatis
1003 2988 1160 3054 erroribus
1178 3008 1282 3053 reuer-

100 3120 122 3160 a
137 3097 241 3161 tantur
269 3096 327 3158 aut
352 3096 481 3176 propter
504 3093 713 3175 impaenitens
738 3113 793 3158 oor
816 3094 853 3157 ab
879 3094 1027 3160 omuibus
1049 3094 1281 3160 inexcusabiles

136 3198 321 3277 indicentur,
360 3199 414 3282 qui
452 3201 485 3264 et
520 3199 634 3264 moniti
670 3199 789 3264 totiens
825 3199 858 3263 in
888 3199 1036 3283 perfidiae
1070 3199 1281 3265 obstinatione
1309 3264 1311 3267 .

136 3306 318 3386 persistunt.
388 3325 447 3370 uos
477 3307 563 3370 orate
588 3309 621 3370 et
643 3306 811 3372 nobiscum
834 3307 874 3371 ad
898 3307 993 3371 deum
1015 3326 1126 3390 preces
1150 3311 1183 3371 et
1205 3311 1334 3374 notare

137 3413 326 3497 coniungite,
362 3415 400 3476 nt
435 3431 491 3495 per
528 3431 620 3494 opem
661 3412 896 3478 misericordiae
938 3414 1007 3478 eius
1048 3417 1156 3478 nostra
1196 3413 1279 3478 actio

135 3515 276 3584 laborans
295 3537 352 3603 pro
372 3518 547 3584 catholicae
566 3517 640 3582 fidei
655 3518 830 3583 stabilitate
845 3523 1042 3601 promoueat,
1057 3520 1279 3584 immaculatos

170 3638 317 3709 Ibylliriie
340 3638 377 3694 V:
395 3638 543 3708 lllyriciso
625 3641 766 3693 btracum
790 3639 822 3702 V,
889 3639 1051 3709 eyllaricus
1075 3639 1107 3702 V,
1125 3640 1278 3710 illyricuso

136 3729 247 3798 panonie
271 3727 299 3782 V
379 3729 409 3782 ll
431 3737 570 3782 commune
593 3727 626 3792 V,
646 3744 715 3784 corr.
735 3727 763 3781 ο2
845 3729 879 3784 14
898 3728 1088 3799 depromtaV
1163 3745 1231 3798 quae
1249 3729 1278 3784 id

137 3813 251 3870 efficeret
268 3817 368 3886 scripsi
374 3835 383 3870 :
405 3833 456 3887 que
475 3816 626 3870 idelficeret
641 3817 676 3870 ·V
690 3816 739 3871 sed
751 3822 854 3885 postea
872 3816 917 3871 ide·
936 3833 1046 3872 mosam
1064 3823 1111 3881 cet,
1132 3834 1199 3886 qnae
1219 3817 1278 3870 elli-

137 3909 204 3958 ceret
213 3925 239 3970 u,
252 3921 305 3974 qna
318 3905 438 3960 alliceret
447 3906 554 3974 Pciper,
565 3923 618 3976 qua
628 3905 707 3960 fidenn
721 3906 840 3960 efficeret
851 3907 907 3969 (ael
915 3907 1029 3972 faceret)
1040 3905 1143 3962 Hartcl
1188 3908 1219 3959 17
1229 3923 1277 3974 pe-

136 3994 478 4064 rucinmeapeunciumV
522 3995 554 4048 18
568 3994 734 4048 costitutiV
772 3998 804 4050 19
815 3996 934 4050 debeant
949 3996 979 4059 V,
991 4012 1060 4050 corr.
1070 3997 1097 4047 οἳ
1143 3995 1229 4049 aesuis
1244 3995 1276 4058 V,

137 4097 233 4137 corae
290 4083 385 4138 uideat
403 4084 434 4148 V,
449 4099 517 4138 corr.
532 4085 603 4138 Bor.
619 4085 700 4141 Sirm.
756 4087 791 4138 22
815 4104 868 4155 quo
892 4085 1072 4154 Bor..·quod
1101 4084 1132 4149 V,
1157 4083 1277 4154 quodsi

137 4167 233 4236 Sina.²,
254 4173 301 4242 qui
319 4173 424 4228 Hartcl
496 4173 642 4226 solutionis
670 4173 701 4238 V,
725 4189 794 4228 corr.
815 4176 894 4228 Coa:
912 4174 1009 4227 salutis
1029 4173 1055 4242 p²
1114 4174 1148 4226 29
1167 4189 1275 4241 promo-

137 4263 226 4314 ueatur
244 4261 321 4316 Ball.
346 4261 433 4316 Taur.
