3025 4975
209 431 270 492 750
370 423 538 494 Epiphanius
559 423 774 478 Constantiensis
794 421 827 476 de
845 423 899 477 XII
917 425 1030 494 gemmis
1048 424 1190 478 rationalis

207 621 335 703 quidam
372 622 430 684 lros
469 621 557 685 airrnt
594 639 630 684 er
668 619 772 703 guttis
807 637 908 701 aquae
946 618 1145 684 consolidari.
1185 621 1348 704 onychitas

207 731 315 792 autem
330 727 465 791 naturali
479 727 600 792 ratione
616 727 850 810 cognominant,
867 745 904 789 eo
920 726 1003 806 quod
1019 747 1143 810 ungues
1158 729 1348 792 urbanorum

207 835 348 898 uirorum
384 833 485 898 instar
518 837 596 914 sunt
633 832 799 896 nrarrnoris
837 832 972 914 quadam
1004 833 1153 898 mixtione
1186 835 1350 918 sanguinis

207 940 462 1004 obrubescentes.
486 940 569 1004 unde
593 939 735 1003 nonnulli
757 938 897 1021 lapidem
919 957 1140 1017 marmoreum,
1164 942 1219 1023 qui
1242 946 1292 1006 est
1314 963 1350 1007 er

205 1049 275 1112 loco
305 1046 452 1124 Decimii,
482 1045 648 1128 onychiten
677 1045 758 1110 falso
787 1045 914 1110 nomine
946 1045 1090 1110 uocitant
1122 1047 1161 1110 ob
1195 1049 1350 1114 albedinis
1380 1063 1393 1104 ε

204 1155 386 1236 puritatem.

152 1253 194 1315 45
251 1262 336 1325 llaec
364 1260 463 1344 igitur
491 1259 660 1325 duodecim
683 1259 839 1340 lapidum.
865 1258 974 1341 quiin
998 1259 1251 1342 superhumerali
1273 1265 1350 1326 tunc

205 1368 350 1450 imperati
379 1370 454 1431 sunt
482 1366 605 1431 annecti
632 1367 804 1450 pontilicis,
833 1385 868 1429 ex
897 1366 1034 1430 diuersis
1067 1365 1260 1439 auctoribus,
1295 1367 1349 1449 qui

206 1473 244 1536 de
272 1474 392 1538 naturis
420 1473 532 1538 horum
562 1473 664 1537 dixere
692 1473 845 1555 lapidum,
870 1474 996 1537 constat
1017 1471 1176 1548 inuentio;
1202 1492 1350 1554 quorum,

206 1581 290 1644 sicut
316 1579 511 1663 inuestigare
540 1580 715 1663 potuimus,
745 1583 810 1643 tam
838 1580 961 1662 species
990 1599 1084 1661 quarn
1112 1581 1184 1644 loca
1206 1599 1263 1644 nec
1288 1600 1349 1645 non
1369 1599 1395 1638 ιε

207 1691 238 1749 et
264 1686 424 1768 potentias
453 1687 662 1769 inspectionis
692 1705 802 1752 eorum
829 1685 954 1750 interim
983 1686 1122 1751 breuiter
1162 1686 1350 1752 adnotantes

207 1791 403 1875 singulorum
426 1793 567 1874 lapidum
592 1793 721 1858 nomina
745 1795 976 1875 consequenter
999 1793 1221 1875 expressimus.

153 1891 194 1956 46
249 1899 309 1962 Hic
351 1899 413 1962 ianr
457 1919 537 1963 nunc
580 1900 750 1982 quaeritur,
794 1899 910 1981 quibus
951 1899 1055 1963 modis
1097 1917 1170 1963 eum
1208 1898 1350 1962 ordinem

205 2007 457 2086 consequentiae,
487 2006 541 2087 qui
565 2010 615 2070 est
638 2006 835 2070 certissimus
860 2010 893 2068 et
915 2025 1101 2089 congruens,
1126 2006 1351 2088 approbemus.

205 2131 275 2174 narn
298 2131 354 2192 per
377 2112 541 2176 duodecim
566 2113 668 2176 tribus
693 2112 860 2176 duodecim
882 2111 1005 2194 lapides
1029 2112 1144 2195 apponi
1161 2112 1242 2176 iussi
1261 2119 1350 2178 sunt.
1370 2131 1395 2171 ιε

205 2218 251 2282 ita
282 2223 319 2282 ut
351 2239 433 2283 unus
467 2219 548 2301 lapis
582 2220 636 2283 uni
669 2219 768 2283 tribui
796 2221 995 2302 coaptaretur
1023 2223 1056 2283 et
1082 2219 1122 2282 ad
1150 2219 1350 2304 singularum

206 2325 333 2388 nomina
361 2325 569 2390 decernantnr
598 2325 717 2409 singuli
740 2325 872 2409 lapides.
898 2331 931 2389 et
954 2326 981 2389 si
1004 2326 1131 2409 quidem
1157 2326 1353 2390 declarasset

204 2431 315 2511 iussio,
345 2431 397 2497 cui
425 2433 521 2497 tribui
552 2434 621 2516 quis
651 2433 732 2517 lapis
757 2435 893 2515 aptetur,
918 2432 1006 2498 nulla
1027 2451 1158 2515 prorsus
1181 2433 1351 2516 inquisitio

206 2542 389 2620 superesset
416 2539 453 2602 ad
482 2540 691 2623 indagandam
726 2533 939 2604 definitionem
973 2540 1129 2604 diuinitus
1161 2539 1351 2614 ordinatam,

206 2644 261 2708 sed
286 2644 324 2707 ad
349 2646 563 2728 exponendam
587 2646 677 2710 nobis
701 2646 767 2711 uim
792 2646 933 2727 lapidum
958 2646 1178 2712 tantummodo
1203 2646 1352 2711 studiosa
1370 2672 1396 2711 ao

152 2751 434 2831 47relinquoretur
456 2752 607 2819 intentio:
633 2772 715 2817 nunc
739 2756 845 2817 autern
870 2772 931 2817 non
956 2757 1006 2816 est
1029 2752 1270 2817 determinatum
1293 2754 1352 2818 sed

206 2858 394 2941 simpliciter
420 2859 451 2922 in
481 2860 604 2924 duobus
627 2860 706 2924 locis
731 2862 844 2924 horum
866 2858 1009 2942 lapidum
1034 2860 1292 2942 consequentiam
1319 2865 1353 2925 et

205 2964 444 3045 compositionis
475 2984 582 3029 eorum
612 2966 748 3048 speciem
778 2968 936 3031 fateamur
964 2966 1166 3049 adscriptam,
1199 2968 1284 3031 sicut
1318 2968 1351 3031 in

204 3071 359 3147 rationali,
389 3072 473 3153 quod
503 3091 598 3155 super
625 3077 736 3155 pectus
766 3074 943 3155 ponebatur
974 3074 1142 3156 pontificis,
1176 3078 1209 3138 et
1240 3093 1353 3156 super-

152 3174 193 3237 48
207 3178 360 3243 humerali
389 3198 444 3261 per
472 3178 551 3243 duos
582 3182 694 3243 anulos
724 3200 836 3244 aureos
865 3181 895 3245 in
925 3202 961 3245 eo
991 3180 1157 3263 disposito.
1183 3180 1237 3262 qui
1260 3182 1352 3245 arruli
1370 3201 1397 3241 aa

205 3302 260 3365 per·
289 3285 504 3348 extremitates
534 3304 609 3349 suas
636 3286 789 3350 rationale
813 3286 845 3350 in
869 3287 973 3351 medio
998 3288 1212 3360 continebant,
1236 3306 1352 3351 rursus

205 3391 330 3455 annexis
377 3391 594 3472 superioribus
640 3392 755 3469 anulis,
800 3394 853 3474 qui
894 3396 983 3457 erant
1022 3394 1053 3456 in
1097 3393 1353 3474 superhumerali

205 3496 362 3578 pontilicis
395 3497 427 3560 in
461 3500 594 3578 utraque
629 3498 751 3561 humeri
785 3502 873 3581 parte
904 3500 1050 3563 conserti.
1079 3518 1151 3563 narn
1181 3502 1214 3563 et
1241 3519 1353 3583 super-

204 3602 376 3678 humerale,
415 3622 486 3666 cum
526 3606 611 3667 esset
652 3624 750 3668 unum
793 3626 848 3688 per
890 3606 1070 3671 circuitum.
1112 3626 1176 3671 uno
1217 3626 1351 3688 prorsus

205 3708 322 3773 orificio
339 3708 553 3785 claudebatur,
565 3708 681 3773 habens
692 3711 807 3774 uittam
818 3712 1054 3795 hyacinthinam
1066 3731 1141 3777 auro
1152 3714 1351 3795 complexans
1370 3734 1397 3776 aa

242 3970 253 4021 l
276 3971 353 4038 aquis
377 3972 406 4030 V.
427 3988 494 4027 corr.
514 3974 597 4044 Foco.
675 3978 691 4029 2
711 3976 872 4029 urbanorum
893 3992 926 4030 ea·
942 3975 1116 4030 barbarorum
1140 3976 1166 4029 V
1245 3976 1262 4029 3
1282 3992 1352 4045 quo·

204 4058 264 4109 darn
292 4057 321 4123 l',
341 4076 409 4113 corr.
429 4060 512 4131 Fopp.
621 4065 638 4118 4
657 4064 812 4118 obrubescit
835 4065 866 4127 l',
886 4080 955 4117 corr.
976 4065 1057 4134 Fopp.
1158 4066 1352 4135 conpositam

204 4146 287 4215 Fopp.
363 4150 580 4217 16singnlorun1
605 4152 825 4221 l⁷,colr.1'bpp.
895 4156 927 4205 19
947 4152 1187 4207 diffinitionemV
1239 4156 1274 4208 25
1293 4154 1352 4207 dis-

204 4238 306 4305 positos
330 4236 360 4294 V.
380 4238 485 4291 cor-reci
570 4240 604 4292 ‘28
623 4246 687 4307 post
710 4245 786 4308 parte
806 4240 856 4293 del.
876 4240 912 4293 hu
936 4240 963 4293 V
977 4258 1051 4295 oran.
1071 4247 1086 4294 1
1176 4242 1211 4296 30
1229 4243 1352 4297 hiacinc-

202 4324 305 4377 thinam
330 4324 356 4377 V
