3025 4975
668 463 778 517 14—9-
1228 467 1292 532 777

150 657 318 740 inquisitor
339 659 433 722 facile
452 657 569 742 poterit
587 659 756 743 uestigare.
778 659 954 723 Sabellium
973 660 1135 725 damnauit
1154 661 1295 742 synodus

151 784 206 830 777
242 766 305 829 fuit
344 783 484 839 7777777,
523 769 560 830 71
597 766 666 830 7177
703 769 876 830 sectatores
913 770 1025 848 postea
1062 767 1294 843 damnarentur,

152 873 293 956 singulas
312 871 435 936 uiritim
456 872 593 954 synodos
614 872 763 937 celebrari
785 871 841 937 sed
860 892 916 955 pro
935 875 1043 937 tenore
1058 874 1295 938 constitutionis

152 979 297 1061 autiquae
326 981 469 1056 cunctos,
500 979 555 1060 qui
583 980 635 1043 uel
663 979 832 1061 prauitatis
860 979 949 1044 illius
977 979 1031 1044 771
1063 981 1296 1046 communionis

123 1087 279 1152 restitere
308 1085 489 1169 participes,
517 1085 708 1150 uniuersalis
738 1085 872 1150 ecclesia
896 1085 1078 1149 7177117777
1101 1085 1296 1151 refutandos.

153 1194 197 1258 717
227 1199 357 1276 propter
387 1192 604 1275 blasphemias
637 1192 719 1256 Arrii
751 1193 853 1256 tenua
889 1192 963 1256 fidei
1000 1191 1339 1275 communionisque?

153 1299 324 1366 catholicae
361 1299 500 1364 Nicaeno
539 1300 661 1381 prolata
704 1301 861 1362 conuentu
903 1298 1052 1364 Annianus
1094 1311 1202 1364 omnes
1243 1300 1297 1364 uel

153 1405 295 1488 quisquis
319 1407 349 1469 in
375 1406 455 1470 hanc
474 1408 597 1487 pestem
618 1405 688 1470 siue
708 1424 805 1470 sensu
825 1424 881 1469 seu
901 1407 1125 1470 communione
1146 1405 1300 1470 deciderit

153 1513 217 1576 sine
257 1513 483 1578 retractatione
525 1511 697 1579 concludit.
736 1513 783 1576 sic
820 1511 1023 1588 Eunomium,
1061 1512 1342 1589 Macedoniumss

114 1633 136 1673 ¹⁰
152 1619 335 1685 Nestorium
360 1619 499 1704 synodus
525 1620 624 1683 semel
648 1621 739 1702 gesta
763 1618 973 1682 condemnans
997 1619 1134 1682 ulterius
1158 1619 1197 1682 771
1216 1638 1298 1683 77777

153 1725 282 1790 77771117
311 1726 418 1788 uenire
447 1743 506 1789 non
538 1725 616 1788 sinit
644 1724 701 1788 sed
728 1725 895 1788 uniuersos
924 1743 1125 1806 quocumque
1148 1725 1241 1789 modo
1265 1724 1298 1789 17

151 1833 206 1896 has
225 1832 440 1915 blasphemias
460 1831 636 1896 recidentes
655 1830 772 1895 tradito
794 1830 854 1894 sibi
869 1829 971 1894 limite
987 1830 1131 1912 synodali
1145 1831 1299 1896 refutauit

151 1939 284 2003 ecclesia
313 1957 370 2002 nec
399 1957 550 2020 umquam
578 1941 663 2002 recte
693 1938 830 2002 cessisse
854 1936 1061 2001 7771177177
1086 1939 1135 2001 771
1158 1937 1300 2019 qualibet

149 2046 342 2110 necessitate
367 2049 499 2127 cogente
523 2045 658 2120 7771177,
680 2042 1298 2126 77771777717717171777777111717,

110 2167 133 2208 1⁵
150 2155 334 2218 temerasse.
363 2171 424 2215 non
454 2155 561 2216 77177
590 2171 647 2216 777
675 2151 755 2215 17171
782 2153 814 2214 17
842 2153 1034 2233 tempestate
1067 2149 1297 2233 persecutionis
1322 2153 1342 2215 9

150 2259 299 2323 Annianus
323 2259 477 2341 plurimos
501 2257 668 2341 pontifices
690 2258 728 2323 de
748 2259 851 2323 exiliis
870 2277 947 2341 pace
966 2256 1090 2321 reddita
1107 2256 1299 2336 respirantes

149 2383 204 2448 per
236 2369 338 2430 777177
370 2364 550 2447 prouincias
586 2364 787 2447 congregatis
820 2383 931 2428 secum
963 2361 1114 2427 fratribus
1147 2363 1298 2428 ecclesias

150 2471 370 2555 composuisse
399 2471 554 2546 turbatas,
584 2490 645 2535 non
674 2473 782 2535 17777
809 2473 847 2534 ut
874 2469 963 2535 illius
996 2469 1109 2553 synodi
1140 2468 1299 2535 Nicaenae

151 2577 304 2660 quidquid
319 2577 356 2642 de
371 2578 432 2642 fide
448 2582 480 2642 71
496 2578 717 2642 communione
731 2578 889 2642 catholica
904 2576 1092 2640 definiuerat
1105 2576 1301 2642 inmutarent

111 2704 134 2743 7
150 2704 208 2749 777
236 2704 320 2749 7777
348 2704 539 2767 quemqnam
567 2704 622 2767 pro
650 2686 744 2767 lapsu
776 2683 977 2748 damnatione
1000 2682 1218 2765 percellerent,
1242 2684 1300 2747 sed

150 2791 238 2855 illius
271 2794 379 2855 tenore
413 2791 541 2868 decreti,
577 2790 638 2854 nisi
671 2789 872 2873 resipuisset,
906 2789 1085 2854 iudicarent
1116 2789 1299 2853 damnatum

152 2900 300 2979 essetque
334 2916 530 2980 consequens
563 2900 609 2975 ut,
643 2897 705 2961 nisi
741 2897 924 2981 corrigeret,
958 2895 1153 2960 damnationi
1188 2896 1300 2977 procul

189 3160 425 3229 171777771711773
506 3159 689 3229 2777717771
771 3156 989 3227 37777177771
1069 3157 1218 3210 5existere
1241 3154 1299 3226 QT.

154 3252 280 3305 exsistere
301 3270 323 3311 υ,
344 3250 472 3302 existeret
491 3248 523 3317 βὸ
610 3248 744 3317 particeps
763 3246 817 3299 i³T
898 3246 1050 3299 refutantes
1070 3242 1083 3295 δ
1174 3244 1233 3299 671
1250 3243 1303 3297 i³T

153 3340 265 3393 soranam
294 3338 391 3408 Qssoe'T
416 3338 468 3405 (B)
592 3337 795 3404 communisque
823 3332 898 3402 oq¹q²
1039 3337 1056 3386 8
1084 3331 1242 3385 decederint
1269 3330 1300 3401 βδ

154 3428 392 3483 9777177177177
416 3424 489 3497 ρυβδ
614 3427 644 3479 11
672 3424 767 3478 7171711
791 3423 831 3492 ssd,
855 3424 948 3476 sinunt
970 3420 1030 3483 i²T‚
1054 3421 1119 3473 siuit
1142 3437 1175 3475 77
1196 3420 1301 3474 777111

152 3520 264 3573 maa.2
374 3517 406 3570 12
432 3514 599 3568 reccidentes
619 3513 662 3582 sq¹
781 3511 971 3582 synodotalid
1081 3509 1114 3562 13
1138 3508 1299 3562 7771771771

154 3608 251 3661 7771777
272 3604 285 3657 d
342 3605 373 3659 14
395 3602 564 3674 quogented
637 3602 745 3656 nouiter
766 3599 874 3672 pasta:
893 3600 1018 3654 77717777
1037 3597 1148 3652 ausibus
1171 3597 1300 3667 T(nouis

154 3722 263 3777 ausibus
283 3719 324 3789 Ω).
346 3720 454 3775 ausibus
474 3722 535 3790 (om.
556 3726 640 3774 7771777
660 3720 774 3787 cogente
793 3716 882 3785 nouis)
900 3714 923 3767 i²
965 3716 998 3768 16
1016 3680 1104 3779 redit}
1124 3712 1137 3766 d
1183 3715 1215 3767 19
1234 3711 1299 3767 defi-

154 3812 259 3865 niuerat
272 3810 347 3889 97137
364 3806 612 3870 definiueranti²T,
629 3807 772 3861 definierat
787 3806 817 3875 βδ
829 3806 875 3872 (cf.
890 3802 921 3869 Ω)
979 3804 1014 3858 20
1031 3803 1160 3873 prolapsu
1175 3800 1299 3871 adempti,

154 3893 276 3997 prolapsu
297 3924 334 3995 q²,
354 3925 474 3995 prolapsi
495 3924 521 3979 T
538 3925 584 3992 (cf.
604 3923 636 3989 11)
709 3922 912 3976 damnationem
933 3918 964 3988 βδ
982 3919 1162 3988 procellerent
1180 3916 1202 3981 δ,
1221 3934 1300 3986 prae·

154 4017 284 4070 uellerent
303 4014 361 4085 q¹q²
432 4014 465 4067 21
486 4012 644 4082 resipuisset
666 4012 716 4082 Qu:
736 4010 914 4080 resipuissent
933 4007 1018 4075 ddi²T
1036 4004 1088 4075 (Ω),
1113 4007 1259 4078 resipuisse
1276 4005 1300 4059 i³

154 4104 305 4159 iudicarent
318 4104 344 4157 Τ
349 4124 356 4157 :
371 4100 605 4171 testamentare
621 4098 837 4155 177117777717712
892 4100 924 4151 ³21
935 4113 991 4167 sqq.
1002 4097 1160 4151 damnatum
1175 4099 1300 4164 essetque

155 4209 321 4263 consequens
339 4196 369 4245 ut
388 4192 441 4245 nisi
458 4192 606 4260 corrigeret
625 4189 793 4244 damnationi
811 4187 904 4257 procul
923 4186 1005 4239 dubio
1029 4186 1183 4239 subiaceret
1202 4183 1300 4253 quibus

158 4280 264 4352 antda'i:
294 4280 455 4350 dampnatus
485 4282 527 4332 est
554 4279 652 4349 quibus
679 4278 705 4331 Τ
731 4277 883 4347 (7177777177
909 4275 1006 4343 quibus
1035 4273 1074 4342 Ω),
1105 4272 1202 4343 quibus
1236 4278 1298 4338 (orn.

156 4371 311 4425 7177771777
323 4414 329 4424 .
341 4412 347 4423 .
358 4370 521 4437 7711777771)
540 4368 563 4421 r'2
