3025 4975
658 451 700 506 ur
720 451 834 507 1a-aa
907 493 910 497 .
1255 455 1319 520 799

170 649 371 731 episcopatus
400 647 542 713 eiusdem
571 648 721 713 Iohannis
754 647 992 713 confirmatione
1025 667 1109 732 papa
1140 667 1318 732 suspensus

170 758 227 833 est,
255 773 292 821 eo
322 755 409 840 quod
436 757 556 838 scripta
584 756 665 833 elus,
694 773 756 838 que
784 755 904 820 totiens
933 754 973 819 ad
1005 754 1159 821 Acacium
1190 757 1319 839 propter

168 860 374 928 Alexandrino
407 863 542 928 ecclesie
575 861 715 944 quietem
750 865 783 926 et
815 862 970 927 catholice
998 861 1074 926 fidei
1100 862 1317 947 integritatem

168 967 331 1046 dhererat,
355 968 434 1033 nihil
457 969 585 1035 omuino
608 967 808 1050 proficerent.
832 968 909 1033 dnm
931 968 991 1034 hec
1010 971 1190 1053 agerentur,
1210 973 1370 1052 super-18

141 1075 256 1139 euenit
272 1075 359 1141 idem
377 1075 534 1142 Iohannes
553 1075 734 1159 episcopua,
754 1075 809 1158 qui
828 1076 914 1140 sicut
933 1075 1068 1142 decebat
1086 1077 1124 1140 ah
1142 1075 1319 1159 apostolica

174 1181 246 1246 sede
279 1185 449 1266 susceptus
484 1187 542 1248 est.
577 1183 669 1248 cuius
702 1183 798 1247 etiam
827 1181 985 1248 addemus
1013 1183 1140 1265 plenius
1168 1180 1319 1248 uniuersa

173 1289 332 1371 patefecit.
356 1291 433 1372 quid
455 1292 580 1356 multa?
604 1289 680 1354 dnm
703 1288 830 1356 Accacii
850 1291 968 1374 scripta
986 1292 1179 1374 legeremus,
1198 1309 1259 1372 qne
1278 1288 1318 1353 de

173 1393 264 1460 Petro
294 1399 327 1460 et
352 1396 523 1462 Iohannem
550 1397 759 1462 Antiochenis
787 1396 827 1461 ad
853 1417 968 1480 papam
995 1397 1137 1474 miserat,
1167 1414 1317 1460 excessus

171 1503 297 1568 Aocaoii
315 1504 412 1568 etiam
429 1504 462 1568 in
481 1504 541 1568 hac
560 1523 657 1569 causa
675 1503 888 1588 grauissimus
907 1503 1161 1587 deprehenditur.
1182 1503 1317 1586 denique
1329 1495 1369 1560 19

132 1611 363 1674 rememoratus
391 1609 505 1676 Petrus
535 1610 707 1676 Iohannem
731 1611 889 1693 quendam
911 1611 1134 1695 preshytemm
1158 1611 1318 1676 ordinauit

167 1715 336 1796 Apamenls
360 1715 555 1799 episcopum,
580 1736 598 1781 a
617 1718 733 1799 quibus
754 1737 815 1783 non
834 1719 984 1800 receptus
1003 1717 1095 1781 uenit
1113 1716 1315 1782 Antiochiam

169 1824 199 1886 et
228 1823 359 1887 Petrum
392 1823 595 1906 episcopatus
630 1825 680 1888 sui
712 1824 805 1906 pellit
837 1828 1002 1889 auctorem
1030 1828 1063 1889 et
1089 1823 1216 1888 inuadit
1244 1823 1314 1888 eius

168 1930 342 1995 ecclesiam.
376 1930 430 2012 qni
463 1930 559 1996 simul
591 1931 708 1996 iterum
738 1931 904 1996 damnatos
932 1931 1013 1996 dicii
1039 1930 1175 1996 Acacius
1203 1933 1314 2013 petens

168 2035 203 2099 ab
232 2037 408 2120 apostolica
436 2036 521 2115 aede,
549 2040 587 2102 ut
615 2038 643 2104 si
672 2039 710 2102 ad
740 2058 809 2102 eam
833 2038 914 2104 forte
939 2037 1135 2122 confugeret,
1159 2055 1217 2102 nec
1239 2037 1314 2101 uisu

133 2141 276 2226 adignos
313 2143 454 2222 haberet,
492 2146 525 2207 et
561 2145 589 2208 si
625 2145 773 2210 fortassis
809 2146 875 2209 iam
907 2145 1047 2226 aliquam
1079 2143 1312 2228 indulgentiam

167 2248 397 2332 impetrassent,
434 2249 556 2314 irritam
592 2269 662 2316 esse
697 2250 812 2316 dehere
844 2271 905 2316 nec
939 2269 1048 2316 eorum
1084 2249 1313 2332 poenitentiam

167 2355 374 2439 recipiendam
411 2374 492 2422 essa.
530 2357 616 2440 quod
654 2376 726 2422 cum
764 2357 851 2422 fatus
888 2359 1044 2424 Iohannes
1081 2356 1311 2422 Alexandrinus
1323 2358 1366 2421 20

168 2461 333 2547 episcopus
356 2463 535 2549 relegisset,
559 2467 664 2530 tacere
688 2483 749 2529 non
774 2465 891 2549 potuit,
915 2464 1001 2550 quod
1023 2464 1115 2529 illum
1139 2462 1312 2528 Iohannem

168 2588 257 2651 quem
297 2570 454 2635 accacius
496 2570 702 2636 damnauerat
742 2590 817 2636 cum
858 2572 953 2637 Petro
995 2575 1029 2637 et
1066 2572 1135 2637 sine
1171 2570 1311 2635 remedio

130 2697 151 2735 a
167 2676 336 2756 penitentie
350 2676 427 2741 fecit
442 2677 481 2742 ah
497 2678 672 2761 apostolica
686 2678 761 2743 sede
777 2679 928 2756 damnari,
944 2682 1018 2762 post
1031 2680 1081 2744 tot
1091 2678 1310 2743 damnationes

167 2780 330 2865 Tyriorum
356 2782 481 2849 miserit
508 2784 644 2849 ecclesie
672 2785 843 2869 presidere.
871 2789 1044 2869 postquam
1073 2805 1147 2869 ergo
1181 2785 1362 2849 sanctushl

167 2888 251 2953 Felix
274 2908 356 2972 papa
377 2889 502 2955 litteras
527 2891 761 2974 predecessoris
785 2893 835 2957 aui
854 2892 935 2957 nihil
953 2892 1143 2974 profecisset
1161 2890 1314 2975 cognouit

168 2999 198 3059 et
222 2997 361 3062 ludibria
389 2996 524 3079 quedam
552 2998 584 3062 in
610 3000 808 3064 euereionem
831 2999 906 3064 fidei
929 3000 968 3064 ah
992 2998 1108 3065 AcacIo
1132 2998 1212 3077 fieri,
1235 3002 1313 3063 tunc

169 3102 303 3168 Uitalem
322 3104 508 3185 episcopum
527 3104 745 3169 'Iroenitinum
767 3126 803 3170 er
820 3107 949 3191 regione
968 3106 1087 3171 Picena
1105 3108 1139 3171 et
1150 3106 1312 3169 Misenum

129 3232 152 3271 aa
168 3208 305 3274 Cumano
333 3210 466 3275 ecclesie
495 3210 680 3295 episcopum
710 3232 745 3276 ex
773 3213 902 3297 regione
932 3209 1102 3295 Campanis
1130 3210 1251 3289 direxit,
1275 3213 1313 3274 ut

167 3315 275 3381 Petrus
300 3317 338 3381 de
361 3316 571 3382 Alexandrina
592 3319 766 3401 pelleretur
785 3319 919 3383 ecclesia
939 3322 971 3383 et
991 3322 1027 3382 ut
1044 3317 1181 3384 Aeacius
1200 3316 1310 3382 libello

167 3424 263 3488 sancti
295 3424 444 3489 Iohannis
477 3426 619 3508 episcopi
650 3426 853 3491 Alexandrini
883 3425 1090 3508 responderet
1121 3427 1216 3506 atque
1248 3423 1311 3507 ipsi

168 3528 385 3596 denuntiarent
412 3532 539 3609 Acacio,
568 3535 606 3595 ut
633 3534 801 3598 anathema
827 3532 1035 3598 Alexandriae
1060 3531 1181 3597 diceret
1203 3530 1309 3595 Petro.

168 3656 254 3719 porro
287 3638 372 3703 idem
404 3638 502 3723 legati
533 3640 669 3721 professi
702 3642 787 3705 sunt.
821 3640 876 3722 qui
907 3639 984 3704 licet
1016 3638 1127 3704 hostili
1160 3655 1246 3701 more
1277 3636 1363 3700 inea

128 3766 152 3809 ae
169 3745 310 3809 custodia
329 3744 450 3810 detrusi
469 3746 593 3810 chartas
609 3744 782 3824 amiserint,
797 3750 903 3811 tamen
918 3745 1030 3830 perfidi
1044 3750 1138 3827 atquo
1154 3743 1309 3809 damnatIs

169 3850 312 3916 hereticis
327 3870 517 3917 consensum
533 3854 769 3918 accommodare
783 3872 845 3918 non
861 3853 1047 3930 debuerunt,
1064 3851 1149 3935 quod
1160 3851 1310 3917 uoluntas

169 3974 279 4041 negare
311 3962 496 4041 potuerunt.
530 3978 590 4025 uon
625 3958 730 4025 solum
765 3979 839 4043 ergo
872 3980 934 4026 non
968 3961 1103 4043 egerunt
1131 3976 1192 4040 que
1220 3958 1311 4021 iussa

169 4068 249 4143 sunt,
287 4064 344 4130 sed
381 4066 478 4130 etiam
513 4066 663 4131 hereticis
712 4066 1027 4131 communicauerunt
1073 4064 1310 4130 confirmatione

201 4272 216 4325 8
235 4290 332 4343 papam
351 4290 419 4329 corr.
440 4290 473 4329 eo:
490 4290 563 4345 papa
608 4275 643 4329 10
662 4274 801 4329 ordinauit
819 4290 887 4329 corr.
907 4290 941 4328 aa
959 4272 1105 4328 ordonauit
1151 4272 1183 4326 12
1202 4274 1309 4342 petrum

169 4376 233 4416 corr.
252 4379 286 4417 coc
304 4366 397 4433 petrns
451 4365 483 4418 21
505 4380 546 4417 scs

217 4486 299 4527 xxxv
312 4497 367 4537 pm
381 4488 401 4527 a.
1206 4467 1240 4523 hl
