3025 4975
213 402 276 467 568
404 398 640 454 Archimandritae
660 402 711 453 etc.
732 398 825 468 Syriae
845 398 980 453 secandae
998 398 1160 453 Hormisdae

212 597 281 678 ipse
305 615 378 680 grex
403 614 597 679 cognoscens
622 615 715 661 saum
740 599 911 679 pastorem,
935 597 973 660 ab
998 595 1224 661 immitissimis
1247 593 1360 660 bestiis

211 702 366 767 liberatus
392 706 424 767 et
447 722 560 767 uocem
580 722 717 784 sequens
738 703 886 784 pastoris,
907 702 992 767 sicut
1012 702 1159 767 dominus
1179 702 1239 767 ait:
1264 720 1360 766 oues

212 828 320 874 meae
353 828 492 875 uocem
526 828 649 875 meam
683 810 856 874 audiunt
887 813 926 873 et
955 828 1029 892 ego
1061 827 1262 893 cognosco
1294 828 1359 874 eas

214 920 252 981 et
280 920 510 999 sequantur
537 936 604 983 me.
643 936 704 981 non
732 935 807 999 ergo
836 915 1021 999 despiciatis
1054 934 1123 993 nos,
1156 915 1360 993 sanctissimi,

161 1021 268 1104 quui
296 1041 314 1085 a
341 1022 453 1087 hestiis
485 1022 644 1088 ferocibus
678 1022 810 1087 cottidie
842 1023 1054 1086 uulneramur.
1124 1023 1163 1087 ad
1188 1022 1361 1105 perfectam
1392 1043 1405 1081 s

213 1132 321 1193 autem
344 1128 492 1194 notitiam
510 1130 612 1193 uestri
632 1128 732 1193 sancti
752 1128 858 1211 angeli
876 1128 1181 1192 anathematizamus
1198 1128 1231 1191 in
1251 1126 1361 1191 eadem

213 1238 322 1299 nostra
337 1234 555 1317 deprecatione
574 1234 727 1299 uirtutem
747 1234 883 1299 habente
903 1237 936 1298 et
952 1233 1056 1299 libelli
1074 1253 1183 1299 omnes
1201 1234 1360 1317 proiectos

214 1344 246 1405 et
269 1341 557 1405 excommunicatos
582 1360 599 1403 a
622 1343 731 1404 uestra
757 1340 933 1421 apostolica
963 1341 1050 1405 sede:
1089 1339 1226 1405 dicimus
1252 1344 1362 1404 autem

212 1446 409 1522 Nestorium,
434 1448 488 1529 qui
512 1447 575 1511 luit
595 1446 966 1529 Constantinopolitanae
986 1447 1166 1530 episcopus,
1184 1447 1361 1531 Eutychen,

213 1554 403 1619 Dioscorum
437 1558 469 1619 et
499 1554 630 1619 Petram
658 1554 917 1627 Alexandrinum,
950 1554 1005 1635 qai
1037 1556 1278 1637 cognominatus
1311 1557 1363 1617 est
1381 1576 1408 1615 ro

213 1660 346 1737 Balbus,
371 1663 403 1725 et
425 1660 566 1739 Petrum,
592 1660 646 1742 qui
670 1659 835 1725 dicebatur
856 1660 960 1734 Fullo,
979 1661 1223 1737 Antiochenam,
1246 1660 1361 1725 nihilo-

214 1767 320 1831 minus
350 1770 382 1831 et
408 1766 572 1844 Acacium,
606 1768 660 1849 qui
692 1767 754 1832 fait
783 1765 1153 1849 Constantinopolitanae
1180 1768 1360 1850 episcopus,

214 1893 324 1938 eoram
352 1875 651 1939 communicatorem
681 1876 714 1937 et
742 1894 862 1951 omnes,
891 1874 945 1957 qui
973 1893 1071 1937 anam
1098 1874 1226 1940 illorum
1254 1874 1361 1938 haere

134 2039 135 2043 ,
213 1980 352 2045 ticorum
375 1980 557 2045 defendunt.

163 2089 201 2153 11
257 2106 296 2150 sr
325 2104 595 2153 sussomrmorss.
652 2087 719 2171 Ego
747 2086 924 2151 Alexander
951 2086 1170 2151 misericordia
1197 2085 1247 2151 dei
1273 2105 1360 2168 pres·
1381 2109 1408 2149 re

213 2193 305 2275 byter
319 2196 350 2257 et
369 2193 615 2258 archimandrita
629 2194 731 2258 sancti
744 2194 884 2258 Maronis
899 2194 1087 2276 deprecatus
1102 2212 1183 2257 sam.
1224 2192 1360 2276 Symeon

213 2298 431 2364 misericordia
450 2299 500 2363 dei
519 2300 683 2382 presbyter
699 2302 731 2363 et
745 2299 990 2363 archimandrita
1002 2302 1040 2363 at
1054 2318 1158 2381 supra.
1204 2298 1360 2363 Iohannes

212 2406 429 2471 misericordia
453 2407 504 2470 dei
528 2407 679 2471 diaconus
703 2410 736 2471 et
759 2407 959 2490 dispensator
976 2410 1014 2471 at
1032 2426 1138 2492 supra.
1183 2406 1360 2489 Procopius

162 2514 428 2579 12misericordia
451 2515 501 2578 dci
524 2515 689 2598 presbyter
712 2517 744 2578 et
768 2515 1012 2579 archimandrita
1034 2518 1071 2579 at
1093 2533 1199 2597 supra.
1244 2511 1361 2576 Petrus

212 2621 430 2686 misericordia
458 2621 508 2698 dei
535 2622 702 2704 presbyter
730 2625 767 2686 ut
794 2641 899 2705 supra.
956 2621 1119 2704 Eugenias
1143 2619 1361 2685 misericordia
1381 2642 1410 2681 ao

213 2728 453 2810 deipresbyter
479 2731 517 2792 ut
545 2747 648 2811 supra.
708 2727 860 2793 Geladius
884 2727 1101 2793 misericordia
1124 2725 1363 2807 deipresbyter

212 2839 250 2899 ut
273 2854 379 2917 supra.
434 2835 555 2899 Bassus
584 2834 803 2899 misericordia
826 2834 877 2899 dei
899 2836 1064 2916 presbyter
1087 2836 1251 2915 utsupra.
1298 2832 1359 2896 Ro·

213 2942 320 3006 mulus
343 2940 561 3006 misericordia
584 2939 824 3023 deipresbyter
846 2943 883 3004 ut
907 2959 1011 3021 supra.
1057 2939 1216 3004 Eusebius
1236 2939 1360 3002 miseri·

214 3048 321 3114 cordia
353 3049 405 3113 dei
435 3046 601 3130 presbyter
633 3049 670 3110 ut
702 3066 806 3129 supra.
876 3046 1023 3110 Malchus
1059 3044 1278 3110 misericordia
1310 3043 1360 3108 dei

211 3156 379 3238 presbyter
406 3157 444 3218 ut
471 3173 575 3236 supra.
640 3154 791 3218 Leontius
818 3153 1036 3218 misericordia
1063 3152 1114 3216 dei
1143 3151 1294 3215 diaconus
1324 3155 1361 3214 at
1380 3173 1409 3212 as

213 3282 318 3344 supra.
362 3261 542 3344 Stephanus
557 3259 775 3324 misericordia
789 3259 1019 3341 deipresbyter
1033 3261 1070 3322 at
1083 3277 1188 3341 supra.
1228 3256 1360 3322 Ceratas

214 3369 365 3434 diaconus
394 3370 432 3432 ut
459 3386 565 3448 supra.
624 3366 762 3431 Thomas
790 3366 955 3448 presbyter
981 3369 1152 3448 utsupra.
1208 3364 1362 3430 Samuhel

214 3477 365 3541 diaconus
384 3478 422 3539 at
441 3493 545 3557 supra.
592 3473 776 3538 Theodorus
799 3473 965 3556 presbyter
988 3475 1152 3555 utsupra.
1203 3471 1361 3537 Iohannes

213 3581 430 3647 misericordia
454 3581 504 3645 dei
526 3579 692 3663 presbyter
714 3583 751 3644 ut
779 3599 884 3662 supra.
948 3579 1103 3643 Iohannes
1131 3579 1298 3662 presbyter
1324 3581 1363 3642 ut

302 3824 318 3876 2
339 3821 371 3875 cf.
390 3821 447 3875 Iob.
469 3822 511 3880 10.
532 3823 548 3875 3
567 3839 606 3891 sq.

249 3948 262 3999 l
284 3963 447 4016 cognoscens
467 3946 551 4000 Bur:
571 3963 736 4016 cognoscens
762 3947 792 4010 l',
813 3963 973 4014 cognoscere
992 3967 1005 3999 o
1057 3947 1072 3998 ‘r
1092 3945 1210 3999 habente
1235 3944 1266 4007 V,
1288 3961 1361 4000 corr.

215 4035 280 4090 Car.
395 4040 423 4088 ct
450 4051 501 4090 ono.
532 4035 595 4088 Gar.
710 4041 775 4088 uate
802 4053 893 4088 onrnes
923 4036 974 4089 del.
1004 4040 1032 4088 et
1064 4034 1090 4089 V
1186 4036 1202 4088 9
1231 4039 1363 4088 constan·

212 4124 421 4194 tinopollitsnus
445 4124 468 4176 V
576 4123 700 4176 eutichen
727 4123 750 4176 V
842 4124 871 4176 ll
897 4130 990 4193 potrus
1016 4124 1044 4180 l'.
1068 4139 1135 4178 corr.
1155 4123 1215 4177 cod.
1234 4123 1361 4192 sepelio.

214 4213 245 4266 17
266 4228 346 4280 supra
366 4230 393 4265 a:
414 4229 475 4282 spra
499 4212 523 4264 V
563 4214 597 4266 23
617 4213 750 4266 eusealius
775 4212 806 4278 V,
826 4213 930 4267 correct
966 4214 1000 4267 25
1020 4213 1127 4267 carufas
1151 4212 1181 4276 V,
1201 4228 1270 4266 corr.
1293 4212 1359 4266 Gar.

212 4302 246 4354 28
265 4301 410 4356 theodorus
435 4301 467 4365 V,
487 4317 554 4355 corr.
575 4318 588 4369 ρ
