3025 4975
519 476 607 547 Epist.
628 476 749 533 CXXXX
769 477 882 533 13-15.
1211 480 1272 543 581

136 673 312 758 φυλάττεται.
343 668 430 743 ούτύς
460 670 536 735 ἐστιν
563 670 685 751 ἐκεῖνος,
717 670 750 733 δν
783 669 812 732 ὲν
842 681 884 753 τῳ
915 669 1074 753 ἀποστῦλῳ
1099 668 1277 755 ἀνέγνωμεν,

136 776 279 859 θεμέλιος,
296 775 325 839 ἐν
348 773 372 861 ίῳ
389 773 493 839 ἑαυτόν
509 798 552 848 τις
566 776 806 859 παραλογίζεται,
824 773 852 839 εἴ
863 798 906 847 τις
922 775 996 847 Εύλα
1011 778 1121 859 χόρτον
1136 774 1278 861 καλάμην

136 881 408 965 καταναλισκόμενα
430 892 471 963 τῳ
494 884 564 965 πυρί
586 879 826 966 ἐποικοδομῆσαι
849 884 991 965 πειραθη.
1016 878 1046 942 έν
1067 880 1188 949 ταύταις
1207 883 1278 963 ἀνη-
1291 884 1331 945 13

137 986 203 1069 μέθη
225 988 263 1047 τὰ
285 981 443 1070 Εύτυχοῦς
465 988 517 1048 καί
538 982 703 1069 Νεστορίου
727 998 793 1057 ταῖς
816 986 953 1056 συνόδοις
976 984 1153 1068 δηλητήρια,
1176 980 1280 1055 οἵτινες

111 1088 163 1161 νέξ
182 1089 315 1161 ἐναντίας
336 1098 390 1175 τῆς
414 1090 590 1175 δεσποτικης
613 1098 665 1152 τοῦ
684 1091 897 1175 σωτηριὼδους
913 1093 1076 1174 μυστηρίου
1093 1088 1278 1175 οἰκονομίας,

137 1193 162 1256 έν
182 1192 242 1277 δσῳ
267 1193 388 1277 ἐναντίῳ
413 1195 521 1279 μεταξύ
545 1191 657 1257 ἑαυτῶν
681 1195 872 1279 συλλογισμῷ
897 1194 1123 1280 φιλονεικοῦσιν,
1147 1189 1204 1257 ύπύ
1222 1216 1275 1257 τινι

136 1310 181 1382 της
202 1296 373 1382 ἱεροσυλίας
395 1298 508 1384 ίσύτητι
530 1306 749 1385 συμφωνοῦσιν,
773 1295 869 1360 ἄνισοι
890 1294 954 1368 ταῖς
976 1300 1107 1382 γνώμαις
1128 1302 1180 1361 καί
1203 1294 1275 1383 δμο-

138 1404 220 1486 ύυγοι
248 1412 288 1489 πη
319 1401 453 1487 ἀσεβείη,
484 1400 525 1466 ὧν
549 1401 565 1465 ὁ
587 1401 689 1487 ἔτερος
714 1404 755 1487 μὴ
779 1403 879 1465 θέλων
901 1402 953 1485 τήν
976 1406 1128 1488 παρθένον
1157 1401 1277 1487 Μαρίαν

137 1510 203 1570 θεοῦ
234 1504 309 1570 εἶναι
339 1512 520 1593 γεννητριαν,
551 1506 627 1592 ἅπερ
657 1508 688 1571 έν
717 1518 762 1591 τῳ
796 1512 889 1590 κυρίῳ
919 1506 1006 1593 ημῶν
1029 1507 1099 1571 εἰσιν
1129 1504 1279 1593 ἡνωμένα,

104 1636 123 1674 ιι
137 1611 243 1695 διαιρεῖ,
268 1608 285 1675 ὁ
309 1612 342 1676 δέ
365 1610 475 1696 ἔτερος,
500 1612 530 1676 έν
553 1610 616 1696 ὅσῳ
639 1623 696 1675 τῶν
721 1612 930 1675 συνελθουσῶν
954 1614 1071 1698 φύσεων
1095 1618 1132 1675 τὰ
1151 1612 1214 1675 ἴδια
1229 1618 1281 1677 καὶ

137 1716 169 1774 τά
196 1713 299 1801 ἀληθῆ
331 1730 447 1803 συγχεῖ,
470 1720 504 1781 εδ
536 1721 696 1802 μυστήριον
720 1726 774 1801 της
806 1711 956 1801 ἡμετέρας
980 1718 1159 1800 λυτρῶσεως
1192 1721 1279 1801 σβέν-

138 1842 219 1903 νυσιν,
243 1820 339 1894 ἄλλος
369 1820 525 1887 Φωτεινοῦ
556 1825 609 1907 την
638 1826 815 1907 θρησκείαν,
840 1818 940 1905 ἕτερος
970 1830 1022 1885 τοῦ
1046 1819 1198 1897 δίάνεντος
1228 1825 1280 1907 τὴν

139 1920 301 2011 ἀρροσύνην
325 1924 428 2009 ἀσεβεῖ
451 1932 604 2008 συγγενείᾳ
626 1928 792 1989 συνάπτων.
815 1928 893 1989 κατὰ
916 1926 1037 2002 τοίτων,
1056 1921 1181 2013 ἀδελφοὶ
1204 1926 1334 2006 ἀγα-14

138 2032 225 2111 πητοί,
252 2033 487 2115 προενοηθησαν
516 2030 650 2115 ἰατρεῖαι
682 2028 798 2102 ὲκείνας
827 2040 865 2115 τη
896 2038 948 2091 τοῦ
980 2030 1126 2113 λογισμοῦ
1156 2030 1280 2116 δυνάμει

105 2162 125 2201 15
140 2132 344 2221 διειδικήσατε,
369 2135 469 2220 ἐπειδὴ
502 2135 545 2207 εὶς
576 2134 745 2221 ἀνατροπὴν
777 2134 871 2199 αύτῶν
904 2132 993 2217 δρᾶτε
1023 2137 1092 2207 τούς
1116 2133 1281 2218 αἱρετικούς

140 2238 182 2299 διὰ
202 2250 253 2325 της
276 2238 419 2325 ἀσεβείας
442 2246 647 2327 μαχομένους·
672 2243 713 2326 μη
738 2241 815 2305 ἔστω
839 2240 868 2303 ἐν
893 2236 971 2323 δ’κνῳ
999 2251 1053 2326 της
1084 2242 1281 2312 διδασκαλίας

138 2337 155 2426 τ’,
176 2342 312 2429 ἀλήθεια·
336 2350 409 2429 ποίῳ
429 2346 490 2431 χρη
516 2348 631 2432 στουδη
648 2349 699 2433 την
717 2352 866 2431 σωτηρίαν
887 2343 1071 2427 ἀγαπᾶσθαι,
1089 2343 1176 2409 ύπύτε
1194 2344 1281 2429 δρᾶτε

139 2450 185 2532 την
206 2454 417 2537 θανατηφόρον
437 2449 587 2515 ἀπώλειαν
604 2448 681 2516 ούτω
698 2456 915 2539 στεργομένην;
936 2450 1122 2535 αίδεσθῶμεν
1138 2452 1282 2538 νωχελῶς

141 2557 349 2639 σαφηνίζεσθαι
375 2567 430 2641 της
462 2553 610 2642 ἀληθείας
640 2558 711 2627 τούς
740 2561 865 2640 νόμους,
890 2561 1001 2620 ύπύταν
1032 2555 1179 2638 ἐπιμῦνως
1204 2557 1278 2619 διεκ-

105 2687 127 2724 20
141 2656 265 2720 δικῶνται
287 2656 318 2722 αἱ
340 2659 461 2725 πλάναι.
484 2663 536 2722 καὶ
558 2662 629 2731 τούς
645 2659 801 2746 ἀρχηγοὺς
821 2665 872 2744 μέν
896 2672 952 2724 τῶν
968 2671 1069 2724 κακῶν
1088 2657 1281 2748 ἐμευρέσεων,
1295 2667 1335 2728 15

142 2759 160 2821 δι
186 2766 371 2847 προείπομεν,
403 2765 546 2827 συνοδικὰ
574 2768 768 2850 θεσπίσματα
799 2766 925 2836 δικαίαις
954 2771 1146 2847 κατακρίσεσι
1183 2769 1282 2848 μετέρ-

142 2888 244 2950 Ιγοντοιι·
275 2865 344 2930 ἀλλ’
373 2865 472 2954 ἡμεῖς,
496 2871 680 2933 καὶτούτων
703 2870 774 2939 τούς
798 2866 992 2938 ἀκολούθους
1016 2865 1098 2939 ὅπως
1132 2865 1282 2952 ὲκκλίνητε

142 2968 243 3054 ομοίως
265 2968 541 3058 ύπομιμνησκομεν,
566 2971 619 3043 οὓς
641 2969 660 3058 ἡ
685 2971 869 3057 ἀποστολικὴ
894 2974 1033 3055 καθέδρα
1054 2975 1106 3035 καί
1133 2973 1283 3055 κατέλαβε

142 3077 358 3160 παραπλησίους
382 3074 469 3150 ὄντας
491 3089 552 3149 τοῖς
575 3075 688 3140 έαυτῶν
712 3075 907 3148 διδασκάλοις
929 3081 981 3142 καί
1003 3090 1064 3148 τοῖς
1079 3079 1285 3160 κατακριθεῑσῑ

107 3213 127 3250 25
144 3182 292 3255 συνέζευξε,
314 3183 480 3265 Διύσκορον
502 3185 552 3245 καὶ
575 3179 727 3266 Τιμύθεον
750 3183 800 3245 τὸν
823 3182 1008 3265 πατραλοίαν
1030 3185 1082 3245 καί
1105 3179 1217 3264 Πέτρον
1234 3183 1283 3244 τύν

144 3282 372 3371 Ἀλεξανδρείας,
398 3285 542 3350 Ἀκάκιυν
565 3289 615 3349 τδν
638 3285 987 3372 Κωνσταντινουπολίτην
1012 3283 1158 3370 μετὰτῶν
1176 3283 1284 3349 ἑαυτοῦ

144 3391 323 3472 ἀκολούθων,
350 3389 496 3463 ὡσαύτως
512 3391 626 3475 Πέτρον
642 3395 691 3455 τὸν
708 3392 896 3477 Ἀντιοχείας
911 3401 953 3475 τῳ
968 3391 1164 3476 προλεχθέντι
1181 3385 1283 3473 ὅμοιον

144 3507 176 3580 τῇ,
198 3519 227 3560 τε
247 3499 345 3584 πλάνη
369 3502 420 3561 καὶ
442 3507 483 3582 τῷ
507 3495 640 3584 δνύματι,
664 3495 819 3560 ἀλλὰκαὶ
842 3494 973 3582 Σεβηρον
996 3504 1047 3558 τοῦ
1072 3491 1163 3558 αύτοῦ
1191 3499 1284 3556 τύπου

175 3687 191 3738 2
210 3685 327 3759 καλάμην
346 3685 442 3758 χόρτον
462 3695 529 3756 ένεγ).
550 3689 586 3758 gh
632 3691 649 3741 4
669 3685 818 3757 δηλητήρια
833 3703 895 3740 aco:
915 3687 948 3738 τὰ
967 3684 1115 3756 δηλητηρια
1133 3685 1170 3754 gh
1212 3685 1227 3738 8
1244 3683 1284 3736 εύ-

146 3773 278 3846 σεβείᾳςίν
324 3777 435 3848 9ἡμῶν
455 3793 543 3830 ουκυ
591 3779 623 3831 10
642 3776 669 3828 ἐν
688 3775 743 3843 δσῳ
764 3793 851 3829 ουκυ
905 3781 956 3826 τῶν
977 3773 1161 3826 συνελθουσῶν
1181 3771 1284 3842 ῳύσεων

145 3861 176 3912 τὰ
191 3855 241 3916 ἀδιοι
254 3867 319 3935 agh:
334 3865 367 3919 τὰ
384 3860 438 3917 ἴδια
456 3871 508 3918 τῶν
528 3864 712 3918 συνελθουσῶν
732 3863 836 3932 ῳύσεων
857 3881 887 3916 eo
927 3863 960 3915 13
981 3861 1070 3928 ἀσεβεῖ
1089 3859 1221 3932 σογγενειά
1241 3875 1284 3912 00:

146 3949 224 4022 ἀσεβῆ
242 3955 385 4025 συγγένειαν
401 3955 455 4023 agh
507 3956 539 4007 17
559 3953 686 4005 ὁπότανα
737 3949 1093 4007 19ύπύτε..διεκδικοῦνται
1112 3967 1142 4002 eo
1189 3945 1285 4001 2231-

145 4037 240 4110 ἰλίνητε
254 4059 283 4095 eo
303 4045 341 4110 (et
358 4042 426 4096 h?1:
447 4040 584 4094 ἑκκλίνοιεε
605 4059 641 4111 ag
727 4041 760 4094 ¹23
781 4039 824 4090 καί
842 4057 893 4094 om.
914 4039 949 4108 gh
1043 4039 1078 4090 24
1096 4037 1249 4107 κατακριθεῖ
1267 4036 1284 4087 h

146 4127 177 4179 ’25
196 4127 321 4202 διύσκορον
336 4129 381 4181 καὶ
395 4135 459 4198 μυσί
477 4127 636 4198 πατραλοίαν
655 4129 699 4179 καί
714 4133 781 4194 ίνυρ.
802 4145 832 4180 eo
896 4129 939 4179 τδν
956 4122 1155 4194 Ἀλεξανδρείας
1174 4123 1284 4192 scripsi:

147 4217 203 4276 τους
220 4216 395 4289 Ἀλεξανδρεῖς
416 4217 503 4286 aeogh
558 4217 592 4269 215
612 4216 704 4268 ἑαυτοῦ
725 4233 770 4269 eo:
792 4215 891 4268 έαυτῶν
912 4213 966 4283 agh
1020 4214 1054 4266 28
1075 4219 1185 4283 σευηρον
1205 4231 1235 4266 ευ
