3025 4975
591 469 675 541 llpist.
696 468 771 527 CXII
789 472 806 524 9
827 501 860 511 -
880 470 969 525 Cxlll
988 474 1013 527 5.
1307 476 1371 540 507

220 663 278 729 sed
301 665 475 747 postulatio
501 684 626 747 quoque
651 665 790 729 creditur
813 684 883 730 esse
908 665 1109 742 conueniens
1133 669 1170 730 ut
1193 667 1317 732 duabus
1341 668 1372 731 in

219 790 320 836 unum
350 771 610 837 concurrentibus
639 772 745 837 causis
775 772 900 837 animus
928 772 1090 849 incitatus,
1121 772 1204 855 quod
1237 773 1314 839 felin
1342 778 1374 839 et

219 877 339 943 bonum
363 879 507 961 partibus
532 878 584 943 sit.
608 878 716 942 inoleat
744 877 889 961 adipisci.
955 878 982 943 si
1011 880 1095 943 euim
1120 878 1267 944 Christus
1296 880 1374 945 deris
1398 882 1418 945 3

219 987 254 1048 et
272 984 420 1050 domiuus
444 988 552 1049 noster
575 988 607 1049 et
629 1004 686 1067 per
707 986 913 1049 mitissimam
936 986 1137 1051 uoluntatem
1161 989 1193 1051 et
1217 986 1374 1069 quandam

182 1090 468 1174 adispensationis
501 1092 688 1175 petitionem
717 1111 776 1157 nos
805 1093 971 1158 rsurocauit
999 1092 1038 1157 ad
1066 1112 1100 1157 se
1129 1097 1162 1158 et
1192 1094 1373 1177 redemptos

216 1199 346 1281 proprio
382 1199 537 1281 sanguiue
574 1198 715 1264 libertati
751 1198 905 1275 restituit,
938 1202 975 1263 ut
1012 1200 1149 1265 salutem
1186 1200 1373 1266 mortalitati

217 1308 407 1387 praestaret,
441 1324 501 1370 nou
535 1305 664 1369 uidetur
698 1304 871 1369 absurdum
898 1308 963 1369 tam
994 1305 1078 1389 apud
1105 1306 1373 1390 gloriosissimum

216 1431 326 1496 regem
360 1431 455 1495 quam
489 1412 572 1495 apud
603 1412 828 1477 beatissimum
861 1432 975 1495 papam
1008 1412 1109 1476 almae
1137 1412 1225 1478 urbis
1253 1414 1372 1479 Romae

216 1526 326 1602 patres
360 1518 556 1602 conscriptos
589 1518 747 1603 imperiali
780 1518 929 1601 petitioni
957 1518 1143 1585 coniunctos
1172 1539 1209 1584 es
1237 1538 1372 1603 sperare,

168 1648 197 1687 ιο
218 1644 302 1709 quae
332 1629 364 1689 et
393 1625 483 1690 nobis
513 1628 545 1690 et
573 1624 634 1689 sibi
664 1625 721 1689 deo
751 1629 908 1689 annuente
936 1620 968 1689 in
997 1644 1164 1691 commuue
1196 1626 1371 1709 proficiant,

217 1733 279 1797 lroc
303 1735 364 1807 est,
388 1752 426 1795 ne
450 1731 661 1816 fugitiuorum
680 1731 813 1795 audiant
831 1731 1036 1795 concinnatos
1056 1751 1217 1797 sermones
1237 1736 1269 1797 ct
1286 1752 1372 1797 men-

216 1839 308 1905 dacio
346 1838 414 1903 solo
450 1838 644 1923 compositos
679 1838 735 1903 sed
768 1837 984 1903 satisfactione
1018 1842 1178 1923 suscepta,
1212 1859 1307 1922 quam
1339 1846 1372 1907 et

214 1946 337 2010 ueritas
362 1950 395 2009 et
416 1944 595 2029 legatorum
624 1946 679 2027 qui
708 1944 819 2009 directi
848 1948 923 2009 sunt
950 1944 1115 2027 inquisitio
1144 1947 1306 2031 patefecit,
1331 1947 1371 2012 ad

215 2051 430 2116 desideratam
454 2070 564 2134 pacem
595 2052 785 2134 acceptabili
814 2050 871 2115 dcc
902 2052 1067 2117 uoluntate
1096 2056 1292 2120 concurrant.
1326 2055 1371 2119 iu·
1395 2060 1415 2121 4

167 2158 400 2224 indubitatum
439 2157 598 2239 siquidem
636 2161 686 2222 est
723 2178 758 2222 ex
795 2159 890 2241 longa
927 2177 1079 2222 annorum
1118 2160 1198 2223 serie
1235 2161 1370 2225 multam

214 2270 341 2350 partem
368 2265 413 2329 rei
441 2264 587 2348 publicae
616 2268 757 2329 uestram
786 2265 947 2329 uindicare
981 2266 1202 2331 constantiam.
1238 2267 1370 2349 proinde

214 2376 342 2456 oportet
366 2372 604 2437 sanctissimum
628 2374 755 2436 coetum
779 2375 924 2436 uestrum
948 2372 1070 2437 sollerti
1099 2371 1206 2438 studio
1235 2392 1271 2437 ac.
1300 2392 1370 2457 pro-

212 2480 292 2545 uido
316 2478 424 2545 labore
448 2478 633 2544 contendere
657 2482 723 2544 tam
747 2478 830 2561 apud
856 2480 1015 2544 excelsum
1033 2499 1152 2564 regem,
1172 2479 1224 2544 cui
1241 2478 1370 2565 regendi

213 2607 276 2652 uos
300 2589 443 2668 potestas
468 2586 520 2650 nel
545 2585 729 2650 sollicitudo
754 2586 926 2651 commissa
949 2590 1008 2663 est,
1028 2607 1122 2671 quam
1141 2586 1226 2669 apud
1243 2606 1370 2652 rasuera

161 2719 196 2758 sn
212 2693 314 2758 bilem
342 2712 466 2776 papam,
491 2693 542 2757 cui
571 2693 786 2758 intercedendi
815 2693 899 2776 apud
928 2692 1022 2758 deum
1050 2693 1186 2758 facultas
1211 2696 1261 2758 est
1283 2713 1369 2776 prae·

214 2801 304 2866 st'ta.
329 2803 366 2864 ut
389 2798 420 2862 in
446 2817 482 2864 aa
499 2801 588 2881 parte
608 2799 703 2862 animi
724 2799 775 2864 sui
793 2799 971 2864 bonitatem
991 2799 1161 2884 dignentur
1177 2792 1367 2881 impendere,

212 2907 247 2971 in
281 2927 344 2991 qua
377 2906 543 2988 utriusque
576 2905 791 2988 reipublicae
821 2906 963 2971 membra
992 2910 1116 2989 sperata
1144 2908 1279 2971 sanitate
1307 2907 1368 2970 sal·

212 3019 341 3078 nentur.
388 3011 563 3095 implebitis
605 3013 689 3077 euim
725 3017 865 3078 ueterem
905 3014 1167 3078 consuetudinem
1205 3017 1237 3078 et
1272 3013 1411 3082 nimis5

213 3119 350 3184 consilio
374 3127 483 3183 uestro
508 3117 721 3196 notissimam,
746 3120 774 3184 si
798 3139 945 3202 eaquae
969 3119 1116 3202 publicae
1139 3120 1273 3186 utilitati
1296 3139 1368 3184 con·

157 3253 191 3294 25
211 3227 360 3303 ueniunt,
388 3224 552 3289 tractando
581 3226 734 3307 sperando
764 3226 954 3308 postulando
979 3227 1128 3292 effectum
1151 3225 1286 3308 adipisci
1309 3224 1366 3290 deo

210 3331 345 3414 auspice
368 3330 519 3396 feceritis.
566 3331 649 3396 Data
671 3333 709 3396 V.
735 3331 806 3397 Kal.
829 3334 912 3418 Aug.
938 3329 1137 3398 Chalcedone
1161 3333 1254 3396 Petro
1279 3351 1365 3396 cons.

250 3505 266 3558 9
286 3521 319 3556 ea
341 3521 448 3574 sperare
473 3505 507 3558 V:
534 3504 568 3560 ad
594 3521 625 3560 ea
648 3505 786 3576 adspirare
811 3505 912 3560 Ucenrcr
933 3507 965 3560 ia
992 3507 1168 3561 Cornnrenmt.
1187 3505 1219 3559 in
1236 3505 1364 3560 leonorem

214 3593 452 3648 daolonecas
478 3597 536 3647 765
560 3595 626 3648 adn.
650 3597 695 3653 22.
715 3595 764 3648 sed
782 3595 817 3661 cf.
837 3596 961 3650 Indicam
979 3611 1000 3649 c.
1020 3611 1048 3648 a.
1069 3595 1196 3662 ‘sperare’
1265 3596 1295 3647 11
1316 3611 1363 3646 au-

209 3682 297 3736 deant
321 3680 353 3748 V,
373 3697 442 3736 corr.
462 3683 489 3734 o²
581 3685 612 3737 15
632 3683 747 3737 multum
772 3683 804 3746 V,
825 3700 893 3738 corr.
913 3684 984 3738 Bar.
1064 3684 1097 3737 16
1116 3683 1260 3737 ucudicare
1279 3682 1362 3736 Bon:

207 3769 381 3854 iudicareV
448 3771 480 3825 21
501 3771 530 3824 in
550 3788 581 3824 ea
601 3771 639 3826 0²:
659 3789 719 3825 men
743 3772 769 3825 V
830 3773 865 3826 22
884 3777 976 3843 sperat
999 3771 1030 3831 1⁷,
1050 3787 1118 3827 corr.
1138 3771 1165 3823 ο2
1226 3774 1260 3826 26
1280 3789 1363 3826 cunu-

207 3875 298 3914 csnon
322 3857 349 3910 V
