3025 4975
237 453 299 517 796
734 448 906 518 Appendices

235 665 371 710 errorem
410 644 561 709 Oasitano
599 643 691 708 exilio
730 643 848 707 meruit
883 643 1012 726 religari
1049 642 1193 721 diceudo,
1227 643 1313 708 sicut
1346 644 1386 710 ab

235 753 418 817 auctoribus
448 753 516 816 suis
541 751 663 830 didicit,
689 749 853 817 Christum
873 750 1035 816 dominum
1059 755 1204 816 nostrum
1221 751 1388 817 bominem

234 858 455 924 tantummodo
493 859 616 943 uirgine
653 858 755 922 Maria
792 876 863 923 essa
899 858 1112 942 progenitum.
1147 860 1256 923 contra
1288 877 1387 940 quem

233 965 386 1030 Euthices
423 967 497 1048 post
535 983 631 1029 annos
673 964 829 1048 plurimos
872 965 986 1041 extitit,
1029 964 1220 1047 disputando
1260 968 1386 1029 rectum

233 1072 393 1138 tramitem
420 1075 525 1136 tonare
550 1071 710 1136 offendens
733 1071 766 1134 in
789 1071 982 1153 Apollinaris
1007 1073 1057 1136 est
1078 1075 1189 1154 raptus
1214 1071 1387 1147 insaniam,
1418 1093 1433 1134 s

234 1179 280 1243 ita
307 1197 526 1261 prorumpens,
556 1178 672 1259 quibus
701 1180 857 1242 assereret
897 1178 1060 1243 Christum
1087 1197 1200 1242 uerum
1222 1178 1389 1242 hominem

234 1305 296 1351 non
325 1285 425 1350 fuisse
453 1303 513 1349 nec
539 1284 572 1348 in
601 1302 637 1348 eo
663 1284 741 1348 duas
766 1287 895 1348 naturas
920 1304 990 1348 essa
1014 1283 1184 1350 credendas
1208 1285 1389 1350 sedunam

190 1391 455 1457 3tantummodo
498 1393 549 1456 dei
591 1392 690 1468 uerbi,
734 1392 869 1456 uerbum
908 1396 1013 1456 tamen
1051 1391 1260 1456 incarnatum.
1299 1391 1391 1473 quod

235 1498 362 1580 quidem
395 1519 456 1562 non
489 1517 559 1562 esse
591 1497 728 1562 hominis
762 1497 925 1578 perbibuit
953 1497 1009 1562 sed
1038 1496 1178 1562 humane
1204 1496 1317 1582 figure,
1348 1501 1390 1562 ut

234 1605 411 1669 similitudo
430 1605 533 1689 magis
553 1605 680 1669 humani
701 1605 841 1688 corporis
857 1625 950 1688 quam
966 1606 1037 1687 ipsa
1051 1606 1171 1670 ueritas
1186 1605 1387 1683 suaderetur,
1408 1629 1435 1667 ro

235 1731 308 1776 cum
323 1711 481 1776 catholica
499 1711 577 1775 fides
597 1731 709 1775 uorum
730 1711 825 1776 deum
843 1731 1019 1795 uerumque
1038 1713 1199 1778 hominem
1218 1711 1388 1778 Christum

234 1817 285 1882 dei
312 1817 414 1882 filium
438 1837 508 1883 essa
532 1817 678 1893 fateatur,
703 1835 765 1881 non
789 1817 885 1882 unius
909 1822 1021 1882 nature
1045 1818 1101 1882 scd
1124 1819 1220 1883 unius
1245 1819 1388 1884 essentie

189 1928 329 2006 datque
366 1945 510 2008 persone.
550 1944 622 1989 cum
660 1944 734 2008 ergo
772 1925 928 1989 Euthiceu
966 1925 1065 1989 istum
1097 1927 1320 2009 presbyterum
1353 1930 1389 1991 et

234 2033 381 2096 abbatem
416 2032 768 2115 Constantinopolitane
801 2033 943 2097 ciuitatis
979 2032 1139 2097 Eusebius
1176 2032 1387 2097 Doroiitanus

234 2139 402 2223 episcopus
428 2139 558 2204 suadere
582 2139 660 2203 talia
682 2139 862 2220 reperisset,
888 2140 954 2204 nelo
973 2139 1047 2203 fidei
1065 2139 1295 2204 manifestabit
1314 2141 1387 2222 ipse
1408 2163 1433 2200 15

234 2246 329 2310 etiam
348 2246 533 2311 Nestorium
554 2245 674 2309 dudum
693 2246 726 2308 in
742 2245 945 2310 ecclesiates
961 2247 1133 2329 sacrilegas
1147 2246 1386 2328 praedicantem

190 2354 497 2434 breprehendierat,
531 2353 600 2436 ipse
634 2373 761 2436 quoque
792 2354 930 2436 ineptias
963 2353 1110 2418 Euthicis
1140 2353 1256 2418 detulit
1283 2357 1317 2418 et
1346 2353 1387 2417 ad

233 2459 423 2525 Flauianum
449 2460 799 2544 Constantinopolitano
824 2460 908 2525 sedis
933 2460 1127 2525 catholicum
1146 2461 1334 2544 episcopum
1354 2465 1389 2526 et

235 2567 273 2629 ad
302 2567 458 2631 iudicium
485 2567 685 2649 prouocauit.
716 2567 802 2631 dicta
830 2586 926 2632 causa
954 2566 1122 2631 damnatus
1147 2570 1197 2631 est
1217 2567 1389 2632 Euthices.

235 2672 405 2736 offenditur
432 2674 604 2754 imperator
631 2672 843 2746 Theodosius,
872 2672 964 2735 cuius
993 2672 1134 2737 iussione
1163 2673 1228 2737 fere
1251 2672 1389 2736 trecenti
1407 2696 1436 2735 ro

235 2779 397 2862 septaginta
434 2779 576 2861 episcopi
614 2779 798 2861 congregati
838 2782 922 2855 sunt,
961 2776 1043 2842 inter
1084 2796 1164 2860 quos
1206 2778 1388 2864 Dioscorus

233 2886 393 2950 hereticus
420 2884 648 2950 Alexandrinus
677 2886 858 2969 episcopus.
887 2885 1046 2949 affuerunt
1074 2885 1171 2949 etiam
1199 2885 1311 2949 uicarii
1347 2886 1386 2949 ab

234 2992 409 3075 apostolica
433 2993 506 3056 sede
531 2993 642 3057 directi
664 2993 768 3057 Iulius
787 2993 983 3056 Puteolanus
1002 2993 1173 3076 opiscopus
1192 2997 1225 3056 et-
1238 2992 1386 3057 Hilarius

234 3098 484 3175 arcbidiaconus,
511 3100 586 3182 quia
607 3100 774 3182 presbyter
797 3099 938 3163 Renatus
962 3098 994 3162 in
1017 3099 1128 3163 Abedo
1152 3099 1257 3163 insula
1278 3103 1385 3163 morte

190 3204 209 3267 6
232 3206 404 3289 prebemus
431 3210 488 3270 est.
513 3208 544 3270 in
569 3207 630 3270 hoc
653 3206 762 3288 itaqua
787 3210 947 3269 conuentu
970 3204 1135 3288 repudiate
1155 3209 1230 3269 suut
1247 3205 1385 3287 epistola
1405 3230 1431 3270 »ε

233 3331 313 3394 pape
327 3312 452 3389 Leonis,
471 3333 531 3395 que
546 3315 671 3377 fuerant
690 3313 728 3377 ad
750 3314 905 3395 synodum
924 3312 1069 3376 Flauiani
1089 3312 1230 3396 episcopi
1250 3312 1383 3389 directe,

234 3423 266 3483 et
294 3421 421 3504 penitus
445 3439 507 3485 uon
530 3421 760 3502 permittuntur
782 3420 932 3485 recensiri
956 3422 1025 3483 tota
1049 3419 1098 3483 die
1121 3419 1263 3501 nihilque
1294 3418 1384 3483 aliud

232 3526 294 3591 nisi
319 3527 453 3609 quedam
477 3525 616 3591 Nestorii
642 3526 783 3591 damnati
804 3526 838 3589 id
863 3529 913 3591 est
934 3527 1050 3609 prioris
1073 3526 1232 3608 Ephesius
1252 3524 1383 3609 synodis

233 3636 324 3715 gesta
337 3635 530 3717 releguntur.
547 3633 644 3698 simui
658 3634 755 3697 etiam
769 3634 889 3698 relictis
905 3634 1024 3698 chartis
1040 3634 1213 3698 discutitur
1224 3633 1382 3697 iudicium

234 3742 342 3803 sancte
365 3740 515 3804 memorie
534 3740 679 3804 Flauiani
699 3760 794 3823 super
813 3741 980 3805 Euthicen.
1001 3741 1121 3805 interea
1140 3759 1213 3804 cum
1231 3739 1380 3803 Euthicis
1400 3769 1428 3808 so

233 3847 432 3929 blasphemia
463 3848 631 3931 legeretur,
666 3849 876 3912 acclamatum
911 3850 960 3911 est
992 3848 1072 3911 hanc
1106 3866 1176 3911 esse
1209 3866 1318 3911 ueram
1350 3850 1382 3911 ct

191 3952 208 4015 7
234 3953 439 4019 orthodoxam
472 3952 578 4017 fidem.
612 3953 902 4018 contradicentibus
935 3954 1043 4036 itaque
1076 3954 1207 4017 uicariis
1238 3953 1380 4018 Romane

234 4061 320 4125 sedis
336 4060 470 4124 deicitur
483 4060 656 4125 Flauianus
672 4062 853 4144 episcopus,
868 4060 1021 4143 recipitur
1033 4060 1197 4125 Euthices.
1213 4060 1380 4125 damnatur

234 4167 330 4231 etiam
356 4166 514 4231 Eusebius
544 4168 712 4251 episcopus
747 4170 914 4232 accusator
946 4167 1090 4232 eiusdem
1121 4168 1282 4248 Euthicis,
1315 4167 1377 4249 qui,

271 4362 284 4412 1
306 4360 427 4411 oasitano
448 4374 517 4411 corr.
538 4374 570 4411 cc
588 4359 709 4411 casitano
765 4360 782 4411 2
802 4358 964 4412 acuctoribis
