3025 4975
467 450 552 518 Epist.
574 446 707 503 cxv118
727 479 761 488 -
781 446 893 502 CXVIII
912 448 936 503 7.
1211 451 1276 515 525

140 645 215 710 enim
241 646 434 710 remunerari
462 644 554 709 aliter
581 647 742 709 tantorum
769 642 996 707 beneficiorum
1023 647 1151 727 poteras
1183 644 1279 728 largi-

138 756 241 831 torem,
272 752 332 816 nisi
361 751 514 815 aduersus
542 750 689 815 inimicos
717 750 787 814 eius
817 749 995 814 euidentem
1025 751 1128 814 zelum
1153 756 1279 831 aposto·

138 860 210 923 licae
246 858 456 924 confessionis
495 856 686 923 ostenderes.
725 859 835 920 notum
878 862 928 919 est
969 855 1054 919 enim
1096 874 1150 920 eos
1192 854 1324 921 eutra5

138 966 280 1049 religiosa
303 969 393 1045 septa
417 968 600 1041 consistere,
626 964 679 1046 qui
702 969 734 1029 et
757 964 820 1047 ipsi
842 964 1031 1045 profitentur
1053 963 1279 1029 conscientiam

113 1074 214 1148 slidei,
247 1072 396 1137 fiduciam
425 1108 466 1138 ss
497 1078 593 1153 atque
625 1071 696 1135 ideo
730 1075 762 1135 et
793 1071 991 1136 infructuosa
1026 1075 1075 1136 est
1107 1071 1191 1154 apud
1224 1089 1278 1135 eos

139 1180 276 1261 quamuis
306 1198 377 1243 cum
406 1179 565 1263 religiosis
595 1198 734 1262 congrus
757 1182 885 1243 sanctae
909 1178 1141 1243 communionis
1165 1196 1279 1260 aequa·

138 1288 216 1365 litas,
244 1288 321 1370 quia
347 1288 458 1371 procul
486 1286 583 1350 dubio
613 1286 666 1367 qui
696 1304 741 1363 ea,
772 1304 865 1368 qnam
894 1284 1018 1362 meruit,
1046 1284 1194 1348 libertate
1217 1304 1278 1348 uon

138 1394 241 1472 utitur,
273 1394 454 1459 subiectum
484 1412 517 1457 se
544 1392 767 1474 iniquitatibus
795 1391 973 1457 confitetur.
1002 1390 1078 1472 quid
1106 1390 1281 1474 gloriemur

138 1499 193 1575 his,
215 1519 295 1582 quas
318 1520 380 1565 non
407 1500 578 1582 sequimur.
600 1498 801 1582 disciplinis?
820 1499 901 1563 falso
921 1497 1060 1581 appellat
1078 1498 1279 1581 magistmm‚

103 1630 124 1669 a
140 1608 187 1689 qui
209 1626 242 1671 se
266 1606 526 1672 institutionibus
552 1606 620 1671 eius
645 1624 705 1671 non
729 1606 842 1688 probat
865 1624 936 1669 esse
959 1604 1163 1687 discipulum.
1223 1602 1278 1668 sed
1303 1608 1327 1671 6

139 1714 206 1795 quia
236 1713 330 1778 nobis
364 1732 447 1778 nrrnc
481 1713 586 1777 omnia
618 1712 650 1775 in
684 1712 883 1777 consessione
917 1711 1034 1775 similia
1062 1716 1095 1775 et
1120 1710 1280 1775 libertatis

138 1820 274 1902 propriae
306 1819 526 1903 resumpsistis
565 1820 724 1895 effectum,
762 1823 909 1900 paternae
945 1837 1055 1882 rursus
1093 1817 1280 1882 hereditatis

139 1927 297 2008 cupientes
340 1945 409 1991 esse
451 1930 613 1991 consortes
655 1924 885 2009 amplectimini
926 1924 1060 2009 gratiam
1100 1923 1280 1988 traditionis

140 2032 281 2114 antiquae
296 2035 329 2097 et
341 2032 373 2096 in
388 2032 477 2096 illius
493 2029 672 2096 inconuulsi
690 2031 886 2095 fundamenti
906 2031 1080 2096 stabilitate
1099 2032 1280 2114 persistere,

104 2160 124 2199 a
139 2158 194 2204 non
229 2160 304 2205 curn
341 2140 538 2223 temporibus
584 2140 679 2205 corda
724 2142 885 2203 mutantes
931 2138 1154 2224 (inconstantis
1196 2138 1278 2202 enim

139 2248 332 2312 mutabilitas
356 2248 419 2312 ista
443 2248 524 2311 solet
548 2266 618 2312 esse
641 2247 798 2330 propositi
821 2250 918 2329 atque
941 2245 1013 2310 ideo
1036 2246 1116 2310 bene
1138 2244 1282 2309 fundatis

140 2358 256 2436 oportet
289 2354 460 2431 inhaerere,
494 2354 618 2435 quando
652 2352 836 2418 huiusmodi
870 2353 977 2418 studia
1014 2352 1183 2417 clementia
1219 2352 1283 2415 scit

139 2460 239 2526 fouere
278 2460 409 2544 diuina),
447 2463 484 2525 ut
521 2460 593 2525 fidei
625 2466 750 2526 uestrae
783 2459 916 2524 firmitas
950 2458 1042 2525 uobis
1075 2458 1113 2522 de
1146 2459 1282 2523 aliorum

141 2567 236 2632 salute
274 2567 445 2632 fructificet
482 2571 514 2632 et
550 2569 672 2632 terruere
710 2566 810 2631 uestri
846 2565 946 2631 studii
983 2566 1119 2630 aliorum
1156 2583 1282 2648 quoque

103 2675 258 2738 aoanirnus
292 2674 331 2738 ad
364 2674 613 2757 resumptionem
647 2674 802 2738 bonorum
834 2692 965 2738 suorum
1001 2673 1106 2756 possit
1142 2671 1282 2746 accendi,

142 2785 292 2861 quatenus
322 2783 354 2844 et
381 2781 418 2844 de
446 2782 539 2846 nobis
569 2799 693 2863 quoque
722 2783 851 2844 sanctus
880 2779 1045 2861 apostolus
1073 2778 1191 2843 dixisse
1219 2795 1283 2842 ore·

142 2885 245 2950 datur:
281 2888 489 2952 aemulatio
523 2891 654 2952 uestra
685 2886 914 2969 prouocauit
941 2886 1137 2968 plurimos.
1207 2887 1329 2966 ergo?

141 2993 277 3058 Nestorii
302 2996 335 3058 et
356 2993 544 3078 Eutychetis
568 2993 787 3076 impietatibus
811 2993 899 3056 iuxta
922 2991 1086 3074 synodalia
1109 2988 1284 3054 constituta

142 3097 295 3164 damnatis
324 3102 498 3164 sectatores
527 3118 653 3182 quoqne
681 3118 790 3164 eorum
818 3099 965 3162 similiter
988 3102 1185 3162 exsecrantes
1209 3115 1283 3160 curn

106 3205 330 3270 assultatione
359 3205 521 3270 dicamus:
551 3205 660 3270 ‘erite
690 3205 732 3270 de
761 3205 883 3270 medio
918 3208 955 3268 et
987 3202 1215 3287 separamini
1248 3206 1287 3267 et

51 3335 54 3342 ·
142 3311 356 3376 inmundum
380 3331 422 3376 ne
446 3313 670 3396 tetigeritis’
697 3311 792 3376 dicit
811 3311 994 3376 dominus.
1016 3309 1282 3392 quemadmodum

143 3419 222 3480 enirn
237 3419 309 3502 quie
326 3419 480 3484 malarum
494 3419 713 3484 inuentionum
728 3419 823 3489 de<te
830 3417 987 3489 >stabitur
1000 3417 1170 3499 principes,
1182 3415 1209 3479 si
1222 3434 1285 3479 non

230 3707 263 3761 22
284 3705 343 3761 Cor.
363 3705 391 3760 Π
410 3707 435 3769 9,
457 3707 473 3760 2
528 3707 562 3760 25
582 3705 641 3760 Cor.
660 3705 687 3759 II
706 3707 730 3768 6,
752 3706 785 3759 17

177 3891 194 3942 4
212 3890 354 3960 religiosas
378 3888 410 3952 V,
429 3905 497 3943 corr.
517 3887 544 3941 ο2
616 3893 632 3944 5
651 3889 715 3943 fidei
733 3888 867 3942 fiduciam·
879 3892 961 3957 atque
979 3887 1041 3940 ideo
1065 3887 1102 3940 V:
1120 3886 1184 3941 fidei
1203 3889 1288 3955 atque

145 3979 266 4033 fiduciam
288 3979 337 4034 sed
360 3979 439 4042 Bar„
463 3977 525 4032 fidei
549 3995 602 4032 non
626 3977 750 4031 fiduciam
775 3983 857 4047 atque
884 3977 946 4030 ideo
970 3977 1076 4042 Coum·
1094 3991 1141 4045 epo
1158 3975 1287 4029 indicaui

146 4069 284 4134 luminaria,
321 4085 404 4138 quum
439 4067 479 4122 sic
514 4069 571 4136 scre
607 4067 716 4136 expleas
752 4068 834 4122 uelim
870 4067 917 4135 qui
954 4071 982 4120 et
1020 4109 1026 4121 .
1056 4106 1063 4120 .
1094 4063 1286 4120 conscientiam

146 4157 214 4216 iidei.
238 4157 363 4212 fiduciam
376 4159 483 4211 <tamen
503 4157 662 4212 ostendendi
686 4174 739 4211 non
762 4156 887 4210 habent).
907 4159 988 4224 atque
1006 4154 1068 4209 ideo
1171 4154 1286 4206 instruc·

147 4253 223 4302 tuosa
245 4247 275 4310 V,
299 4263 367 4302 corr.
388 4245 415 4298 ο2
462 4248 495 4301 14
514 4247 650 4317 persistite
671 4243 697 4315 p²
744 4247 776 4298 16
795 4245 867 4298 solet
886 4261 944 4297 esse
963 4260 996 4298 ex
1015 4243 1071 4296 sole
1090 4243 1156 4296 &sse
1176 4257 1245 4296 corr.
1263 4240 1293 4293 V

150 4364 178 4416 ll
198 4330 234 4418 sit
258 4363 281 4417 V
334 4365 369 4418 25
389 4363 458 4417 exite
474 4381 500 4416 o:
521 4367 598 4416 exte
622 4361 648 4416 V
699 4363 733 4414 27
754 4360 908 4414 destabitur
931 4360 961 4425 V,
981 4375 1048 4413 corr.
1069 4376 1086 4408 α
