3025 4975
377 457 464 526 apat.
483 455 650 511 camna
670 456 686 508 e
705 486 738 495 -
759 452 940 509 cnxxnuvr
959 457 985 511 a.
1193 459 1257 523 655

312 794 472 839 EXBleUll
493 794 666 839 nl’rsroanu
690 794 867 839 IUSTINIANI
890 795 1057 840 lunusrlers.

167 902 290 967 Domino
315 905 423 966 nostro
447 902 522 966 Iesu
548 900 673 967 Christo
698 902 825 965 fauente
848 902 961 985 regnat
984 900 1015 964 in
1040 899 1177 980 saeculo,
1204 902 1258 984 qui

129 1026 205 1072 sacra
224 1008 376 1093 religione
395 1026 490 1073 suum
509 1008 624 1073 fundat
641 1008 820 1091 imperium,
842 1007 989 1090 quoniam
1008 1008 1086 1072 bene
1106 1008 1261 1091 gubernat

109 1114 258 1192 chanana,
270 1116 422 1199 quiprius
433 1114 779 1198 diuinaplac<a>uerit
790 1114 875 1196 quod
885 1115 1103 1197 praesentibus
1115 1116 1259 1179 euenisse

130 1220 306 1303 temporibus
339 1224 547 1303 gratulamur.
579 1221 665 1285 filius
699 1220 817 1284 etenim
850 1222 958 1284 uester
990 1220 1303 1285 clementissimue2

130 1325 283 1408 imperator
314 1328 512 1392 aeternitatis
545 1326 696 1391 beneficio
722 1330 847 1410 sceptra
871 1327 1003 1391 sortitus
1040 1326 1113 1419 iidei
1147 1345 1259 1391 causas

130 1433 244 1515 arripnit
270 1434 471 1517 explicandas
500 1436 530 1499 et
559 1434 599 1498 ad
626 1438 714 1497 tuam
744 1434 946 1497 sanctitatem
975 1434 1073 1497 missa
1100 1434 1258 1517 legatione

131 1538 419 1623 sedisapostolicae
451 1541 683 1623 promeruimus
722 1540 913 1617 sacerdotes,
953 1560 1085 1623 quorum
1119 1541 1258 1605 aduentu

101 1669 118 1704 a
132 1664 181 1708 non
201 1646 397 1711 mediocriter
414 1646 555 1711 adoleuit
574 1648 779 1711 ecclesiarum
802 1646 968 1711 concordia
987 1649 1259 1711 sacrosanctarum

131 1752 206 1817 nobis
227 1754 429 1829 instantibus,
454 1757 490 1819 ut
513 1754 652 1819 decebat.
676 1754 785 1818 Aeacii
810 1772 957 1837 namque,
984 1753 1068 1835 quod
1088 1752 1257 1818 discidium

132 1860 290 1939 generabat,
322 1859 448 1925 nomine
476 1860 622 1944 stirpitus
651 1862 815 1943 amputato
844 1879 900 1943 pro
929 1864 1037 1924 tenore
1065 1860 1257 1937 libellorum,

131 1981 197 2043 quos
215 1965 379 2041 direxistis,
403 1966 435 2030 in
459 1968 518 2031 bac
542 1967 619 2030 urbe
643 1967 732 2050 regie
750 1966 925 2048 multisque
946 1966 1134 2030 ciuitatibus
1153 1968 1258 2031 unitas

131 2072 223 2150 optata
251 2073 406 2155 prouenit,
440 2092 534 2155 quam
568 2073 702 2137 summis
731 2072 893 2136 inuentam
926 2072 1087 2136 laboribus
1116 2073 1260 2136 uenerari

100 2200 117 2237 a
131 2179 259 2243 conuenit
273 2180 509 2264 inperpetuum
529 2179 745 2261 custodirique
765 2198 895 2243 necesse
916 2182 1040 2243 estnec
1062 2178 1261 2262 quibuslibet

131 2287 305 2365 argumentis
347 2287 510 2351 retractari
552 2286 710 2369 quispiam
751 2287 902 2369 patietur,
945 2305 1024 2367 quae
1068 2286 1261 2369 sempiterna

130 2388 259 2456 maiestas
273 2394 333 2457 rite
351 2393 540 2476 composuit.
587 2393 642 2457 sed
667 2392 740 2475 quia
759 2412 926 2476 prosperos
947 2412 1059 2457 cursus
1079 2394 1260 2477 frequenter
1284 2394 1304 2457 3

130 2494 264 2579 inpedire
291 2500 423 2572 festinat
450 2500 580 2564 humani
609 2500 733 2584 generis
761 2498 921 2578 inimicus,
950 2519 1021 2582 pars
1052 2497 1260 2565 Orientalium

130 2621 183 2666 non
200 2606 294 2671 exiliis
313 2625 371 2672 neo
390 2608 471 2673 ferro
490 2607 689 2690 flammisque
710 2607 858 2688 compelli
881 2609 997 2689 potest,
1018 2609 1054 2670 ut
1074 2607 1261 2672 condemnet

96 2732 116 2772 a
131 2711 332 2794 episcoporum
347 2714 472 2778 nomina
483 2716 557 2796 post
570 2714 722 2778 Acacium
738 2713 976 2790 defunctorum
993 2732 1072 2795 quae
1089 2713 1260 2778 difficultas

130 2819 251 2897 generali
283 2820 468 2885 concordiae
502 2839 605 2886 moras
638 2819 782 2884 innectit.
834 2819 987 2885 sanctitas
1015 2820 1123 2902 itaque
1153 2825 1305 2886 uestrad

130 2924 247 2990 caelitus
278 2927 431 3009 inspirata
458 2946 563 2991 rerum
592 2930 836 3009 temporumque
866 2927 1053 3009 qualitatem
1083 2927 1262 2992 consideret

131 3031 157 3092 et
170 3034 376 3098 condemnatis
395 3035 490 3098 huius
511 3035 622 3099 erroris
641 3034 836 3112 auctoribus,
857 3034 890 3099 id
909 3037 958 3099 est
973 3034 1087 3099 Acacio
1109 3035 1261 3100 Constan-

131 3134 330 3220 tinopolitano,
345 3141 439 3206 Petro
463 3160 500 3205 ac
518 3141 685 3205 Timotheo
709 3141 806 3205 Eiuro
823 3145 854 3205 et
873 3141 1026 3206 Dioscoro
1041 3141 1260 3206 Alexandrinis

97 3265 117 3302 a
131 3239 268 3327 Petroque
292 3247 500 3322 Antiocheno,
525 3247 613 3310 finire
639 3246 786 3330 dignetur
809 3247 1023 3312 inueteratum
1044 3251 1199 3312 certamen
1223 3248 1260 3312 de

131 3354 288 3417 ceterorum
317 3353 496 3418 nominibus
521 3354 707 3435 quaestione
737 3353 851 3436 sopita,
880 3357 917 3416 ut
944 3354 1106 3418 redimatis
1136 3353 1261 3437 plebem

132 3451 162 3516 de
184 3461 340 3545 sangnine,
371 3480 465 3543 quam
495 3459 573 3524 deus
597 3463 705 3525 noster
732 3460 904 3544 regendam
933 3461 1104 3538 commisit,
1135 3478 1171 3524 ac
1200 3481 1260 3525 non

130 3568 389 3638 persecutionibus
418 3571 450 3631 et
478 3586 588 3632 cruore
616 3567 671 3631 sed
699 3567 853 3650 patientia
887 3567 1075 3631 sacerdotali
1108 3567 1262 3649 populum

131 3664 241 3738 domino
271 3678 379 3738 nostro
409 3675 595 3749 concilietis,
625 3693 673 3751 ne,
703 3675 778 3738 dum
808 3677 958 3739 uolumus
988 3674 1107 3738 animas
1136 3673 1260 3750 lucrari,

97 3775 158 3836 aet
187 3795 310 3862 corpora
341 3782 516 3844 multorum
549 3780 718 3863 perdamus
750 3783 782 3844 et
815 3780 946 3844 animas.
994 3798 1112 3842 errores
1146 3780 1260 3843 etenim
1287 3779 1306 3839 5

162 4019 222 4076 lib.
272 4023 341 4077 Dat.
360 4026 533 4092 utep.192.
602 4025 676 4079 Ede.
700 4024 763 4078 Car.
784 4023 813 4076 Ρ
835 4027 907 4092 542;
925 4024 994 4078 Bar.
1016 4024 1054 4076 ad
1073 4042 1098 4077 a.
1122 4027 1187 4085 520,
1209 4025 1264 4090 35,-

134 4105 230 4163 Collect,
251 4113 370 4180 Concil.;
391 4112 470 4167 err'el
490 4116 555 4166 920.
625 4115 705 4182 dqui
730 4113 766 4166 V:
787 4114 862 4167 cuio
935 4112 1069 4182 placuerit
1092 4112 1123 4172 V,
1143 4113 1263 4166 commi:

132 4194 300 4261 placuerinto
383 4203 500 4256 lcausa
523 4203 554 4265 V,
574 4219 641 4256 corr.
662 4203 689 4252 οἳ
772 4203 802 4255 11
823 4201 900 4255 uobis
923 4202 986 4255 Car.
1070 4203 1103 4254 14
1123 4201 1217 4254 obtata
1241 4199 1267 4252 V

133 4284 161 4336 15
177 4293 384 4360 perpetuumque
404 4291 534 4345 custodiri
553 4297 653 4361 erapp
726 4309 775 4344 nec
801 4291 1006 4345 1²:haecCort
1076 4291 1110 4344 23
1130 4291 1216 4343 acatio
1241 4288 1267 4341 V

130 4371 161 4423 30
178 4374 284 4442 {idemus
307 4379 340 4442 V,
361 4395 431 4434 corr.
451 4379 479 4430 ο1

154 4499 227 4541 XXXV
241 4513 291 4551 pm
305 4505 324 4543 2.
1159 4485 1192 4536 42
