<?xml version="1.0" encoding="UTF-8"?>
<!DOCTYPE html PUBLIC "-//W3C//DTD XHTML 1.0 Transitional//EN"
    "http://www.w3.org/TR/xhtml1/DTD/xhtml1-transitional.dtd">
<html xmlns="http://www.w3.org/1999/xhtml" xml:lang="en" lang="en">
 <head>
  <title>
</title>
<meta http-equiv="Content-Type" content="text/html;charset=utf-8" />
  <meta name='ocr-system' content='tesseract 3.04.00' />
  <meta name='ocr-capabilities' content='ocr_page ocr_carea ocr_par ocr_line ocrx_word'/>
</head>
<body>
  <div class='ocr_page' id='page_1' title='image "./corpusscriptoru02wiengoog_0043.png"; bbox 0 0 3025 4975; ppageno 0'>
   <div class='ocr_carea' id='block_1_1' title="bbox 487 441 1350 519">
    <p class='ocr_par' dir='ltr' id='par_1_1' title="bbox 487 441 1350 519">
     <span class='ocr_line' id='line_1_1' title="bbox 487 441 1350 519; baseline 0.017 -23"><span class='ocrx_word' id='word_1_1' title='bbox 487 442 574 513; x_wconf 84' lang='lat' dir='ltr'>Epist.</span> <span class='ocrx_word' id='word_1_2' title='bbox 594 442 678 497; x_wconf 74' lang='lat' dir='ltr'>CXVI</span> <span class='ocrx_word' id='word_1_3' title='bbox 697 442 713 495; x_wconf 89' lang='lat' dir='ltr'>b</span> <span class='ocrx_word' id='word_1_4' title='bbox 734 446 749 498; x_wconf 83' lang='lat'>5</span> <span class='ocrx_word' id='word_1_5' title='bbox 770 473 804 482; x_wconf 96' lang='lat'>-</span> <span class='ocrx_word' id='word_1_6' title='bbox 824 441 923 497; x_wconf 77' lang='lat' dir='ltr'>CXl‘lI</span> <span class='ocrx_word' id='word_1_7' title='bbox 942 444 967 498; x_wconf 78' lang='grc'>7.</span> <span class='ocrx_word' id='word_1_8' title='bbox 1036 514 1040 519; x_wconf 86' lang='lat'><em>.</em></span> <span class='ocrx_word' id='word_1_9' title='bbox 1232 444 1296 507; x_wconf 77' lang='lat'>523</span> <span class='ocrx_word' id='word_1_10' title='bbox 1338 494 1350 513; x_wconf 86' lang='lat'>.</span> 
     </span>
    </p>
   </div>
   <div class='ocr_carea' id='block_1_2' title="bbox 107 637 1336 3491">
    <p class='ocr_par' dir='ltr' id='par_1_2' title="bbox 107 637 1336 3491">
     <span class='ocr_line' id='line_1_2' title="bbox 154 637 1296 723; baseline 0 -21"><span class='ocrx_word' id='word_1_11' title='bbox 154 658 333 723; x_wconf 89' lang='lat' dir='ltr'>responsum</span> <span class='ocrx_word' id='word_1_12' title='bbox 360 639 681 721; x_wconf 87' lang='lat' dir='ltr'>adapertionem</span> <span class='ocrx_word' id='word_1_13' title='bbox 706 639 799 711; x_wconf 91' lang='lat' dir='ltr'>oris,</span> <span class='ocrx_word' id='word_1_14' title='bbox 831 638 928 702; x_wconf 89' lang='lat' dir='ltr'>sicuti</span> <span class='ocrx_word' id='word_1_15' title='bbox 953 637 1062 702; x_wconf 91' lang='lat' dir='ltr'>docuit</span> <span class='ocrx_word' id='word_1_16' title='bbox 1084 638 1198 703; x_wconf 90' lang='lat' dir='ltr'>heatus</span> <span class='ocrx_word' id='word_1_17' title='bbox 1222 656 1296 721; x_wconf 87' lang='lat' dir='ltr'>apo-</span> 
     </span>
     <span class='ocr_line' id='line_1_3' title="bbox 155 746 1294 830; baseline -0.002 -19"><span class='ocrx_word' id='word_1_18' title='bbox 155 748 252 811; x_wconf 88' lang='lat' dir='ltr'>stolus</span> <span class='ocrx_word' id='word_1_19' title='bbox 287 749 382 827; x_wconf 87' lang='lat' dir='ltr'>atque</span> <span class='ocrx_word' id='word_1_20' title='bbox 415 748 483 830; x_wconf 88' lang='lat' dir='ltr'>ipse</span> <span class='ocrx_word' id='word_1_21' title='bbox 518 748 613 810; x_wconf 86' lang='lat' dir='ltr'>etiam</span> <span class='ocrx_word' id='word_1_22' title='bbox 652 746 798 810; x_wconf 90' lang='lat' dir='ltr'>dominus</span> <span class='ocrx_word' id='word_1_23' title='bbox 830 746 1000 828; x_wconf 86' lang='lat' dir='ltr'>praecepit,</span> <span class='ocrx_word' id='word_1_24' title='bbox 1038 763 1162 809; x_wconf 89' lang='lat' dir='ltr'>mecum</span> <span class='ocrx_word' id='word_1_25' title='bbox 1195 746 1294 829; x_wconf 86' lang='lat' dir='ltr'>petite</span> 
     </span>
     <span class='ocr_line' id='line_1_4' title="bbox 154 851 1294 935; baseline -0.002 -18"><span class='ocrx_word' id='word_1_26' title='bbox 154 854 261 919; x_wconf 91' lang='lat' dir='ltr'>horum</span> <span class='ocrx_word' id='word_1_27' title='bbox 277 853 418 919; x_wconf 88' lang='lat' dir='ltr'>datorem</span> <span class='ocrx_word' id='word_1_28' title='bbox 438 856 557 917; x_wconf 90' lang='lat' dir='ltr'>etcum</span> <span class='ocrx_word' id='word_1_29' title='bbox 577 856 746 935; x_wconf 82' lang='lat' dir='ltr'>quaerente</span> <span class='ocrx_word' id='word_1_30' title='bbox 765 853 884 933; x_wconf 89' lang='lat' dir='ltr'>pariter</span> <span class='ocrx_word' id='word_1_31' title='bbox 902 851 1045 933; x_wconf 80' lang='lat' dir='ltr'>quaerite</span> <span class='ocrx_word' id='word_1_32' title='bbox 1064 857 1095 916; x_wconf 92' lang='lat' dir='ltr'>et</span> <span class='ocrx_word' id='word_1_33' title='bbox 1112 852 1294 935; x_wconf 84' lang='lat' dir='ltr'>pulsantem</span> 
     </span>
     <span class='ocr_line' id='line_1_5' title="bbox 153 958 1293 1041; baseline -0.002 -17"><span class='ocrx_word' id='word_1_34' title='bbox 153 960 284 1041; x_wconf 86' lang='lat' dir='ltr'>spiritali</span> <span class='ocrx_word' id='word_1_35' title='bbox 314 980 409 1024; x_wconf 91' lang='lat' dir='ltr'>mann</span> <span class='ocrx_word' id='word_1_36' title='bbox 442 964 550 1024; x_wconf 92' lang='lat' dir='ltr'>uestra</span> <span class='ocrx_word' id='word_1_37' title='bbox 579 959 743 1040; x_wconf 83' lang='lat' dir='ltr'>suscipite.</span> <span class='ocrx_word' id='word_1_38' title='bbox 776 959 836 1023; x_wconf 93' lang='lat' dir='ltr'>hoc</span> <span class='ocrx_word' id='word_1_39' title='bbox 865 958 949 1023; x_wconf 88' lang='lat' dir='ltr'>enim</span> <span class='ocrx_word' id='word_1_40' title='bbox 977 958 1070 1022; x_wconf 89' lang='lat' dir='ltr'>uobis</span> <span class='ocrx_word' id='word_1_41' title='bbox 1102 958 1293 1023; x_wconf 84' lang='lat' dir='ltr'>facientibus</span> 
     </span>
     <span class='ocr_line' id='line_1_6' title="bbox 126 1064 1292 1149; baseline 0.003 -22"><span class='ocrx_word' id='word_1_42' title='bbox 126 1072 265 1147; x_wconf 74' lang='lat' dir='ltr'>spotero,</span> <span class='ocrx_word' id='word_1_43' title='bbox 306 1066 517 1139; x_wconf 83' lang='lat' dir='ltr'>sanctissime,</span> <span class='ocrx_word' id='word_1_44' title='bbox 552 1069 584 1130; x_wconf 89' lang='lat' dir='ltr'>et</span> <span class='ocrx_word' id='word_1_45' title='bbox 617 1066 759 1149; x_wconf 88' lang='lat' dir='ltr'>accipere</span> <span class='ocrx_word' id='word_1_46' title='bbox 792 1070 823 1129; x_wconf 90' lang='lat' dir='ltr'>et</span> <span class='ocrx_word' id='word_1_47' title='bbox 855 1064 997 1129; x_wconf 88' lang='lat' dir='ltr'>inuenire</span> <span class='ocrx_word' id='word_1_48' title='bbox 1030 1070 1062 1128; x_wconf 87' lang='lat' dir='ltr'>et</span> <span class='ocrx_word' id='word_1_49' title='bbox 1094 1064 1292 1146; x_wconf 86' lang='lat' dir='ltr'>adaperiente</span> 
     </span>
     <span class='ocr_line' id='line_1_7' title="bbox 153 1167 1336 1254; baseline -0.008 -17"><span class='ocrx_word' id='word_1_50' title='bbox 153 1172 273 1238; x_wconf 84' lang='lat' dir='ltr'>Christo</span> <span class='ocrx_word' id='word_1_51' title='bbox 302 1176 388 1237; x_wconf 91' lang='lat' dir='ltr'>recte</span> <span class='ocrx_word' id='word_1_52' title='bbox 415 1192 472 1254; x_wconf 89' lang='lat' dir='ltr'>per</span> <span class='ocrx_word' id='word_1_53' title='bbox 499 1173 632 1236; x_wconf 89' lang='lat' dir='ltr'>uerbum</span> <span class='ocrx_word' id='word_1_54' title='bbox 659 1172 807 1237; x_wconf 89' lang='lat' dir='ltr'>ueritatis</span> <span class='ocrx_word' id='word_1_55' title='bbox 839 1171 992 1236; x_wconf 85' lang='lat' dir='ltr'>incedere.</span> <span class='ocrx_word' id='word_1_56' title='bbox 1040 1172 1188 1252; x_wconf 90' lang='lat' dir='ltr'>quoniam</span> <span class='ocrx_word' id='word_1_57' title='bbox 1216 1190 1292 1235; x_wconf 91' lang='lat' dir='ltr'>uero</span> <span class='ocrx_word' id='word_1_58' title='bbox 1317 1167 1336 1228; x_wconf 85' lang='lat'>5</span> 
     </span>
     <span class='ocr_line' id='line_1_8' title="bbox 152 1277 1291 1361; baseline -0.003 -18"><span class='ocrx_word' id='word_1_59' title='bbox 152 1280 273 1361; x_wconf 89' lang='lat' dir='ltr'>quidam</span> <span class='ocrx_word' id='word_1_60' title='bbox 299 1279 538 1343; x_wconf 86' lang='lat' dir='ltr'>dissimulantes</span> <span class='ocrx_word' id='word_1_61' title='bbox 562 1279 729 1344; x_wconf 90' lang='lat' dir='ltr'>nobiscum</span> <span class='ocrx_word' id='word_1_62' title='bbox 755 1278 879 1343; x_wconf 87' lang='lat' dir='ltr'>credere</span> <span class='ocrx_word' id='word_1_63' title='bbox 903 1282 998 1359; x_wconf 90' lang='lat' dir='ltr'>atque</span> <span class='ocrx_word' id='word_1_64' title='bbox 1028 1277 1143 1342; x_wconf 87' lang='lat' dir='ltr'>sectari</span> <span class='ocrx_word' id='word_1_65' title='bbox 1166 1282 1291 1341; x_wconf 89' lang='lat' dir='ltr'>sanctas</span> 
     </span>
     <span class='ocr_line' id='line_1_9' title="bbox 151 1384 1292 1469; baseline -0.002 -19"><span class='ocrx_word' id='word_1_66' title='bbox 151 1386 292 1469; x_wconf 71' lang='lat' dir='ltr'>synodos,</span> <span class='ocrx_word' id='word_1_67' title='bbox 309 1406 389 1469; x_wconf 92' lang='lat' dir='ltr'>qnae</span> <span class='ocrx_word' id='word_1_68' title='bbox 403 1386 539 1450; x_wconf 83' lang='lat' dir='ltr'>Nicaeae</span> <span class='ocrx_word' id='word_1_69' title='bbox 557 1385 830 1467; x_wconf 82' lang='lat' dir='ltr'>Constantinopoli</span> <span class='ocrx_word' id='word_1_70' title='bbox 846 1387 939 1465; x_wconf 91' lang='lat' dir='ltr'>atque</span> <span class='ocrx_word' id='word_1_71' title='bbox 951 1384 1068 1467; x_wconf 81' lang='lat' dir='ltr'>Ephesi</span> <span class='ocrx_word' id='word_1_72' title='bbox 1084 1388 1292 1467; x_wconf 85' lang='lat' dir='ltr'>congregatae</span> 
     </span>
     <span class='ocr_line' id='line_1_10' title="bbox 150 1490 1291 1575; baseline -0.002 -18"><span class='ocrx_word' id='word_1_73' title='bbox 150 1498 228 1571; x_wconf 91' lang='lat' dir='ltr'>sunt,</span> <span class='ocrx_word' id='word_1_74' title='bbox 265 1494 299 1557; x_wconf 92' lang='lat' dir='ltr'>in</span> <span class='ocrx_word' id='word_1_75' title='bbox 337 1492 452 1575; x_wconf 88' lang='lat' dir='ltr'>quibus</span> <span class='ocrx_word' id='word_1_76' title='bbox 490 1493 648 1575; x_wconf 85' lang='lat' dir='ltr'>principes</span> <span class='ocrx_word' id='word_1_77' title='bbox 685 1492 857 1557; x_wconf 86' lang='lat' dir='ltr'>extiterunt</span> <span class='ocrx_word' id='word_1_78' title='bbox 898 1490 1091 1555; x_wconf 87' lang='lat' dir='ltr'>sanctissimi</span> <span class='ocrx_word' id='word_1_79' title='bbox 1132 1491 1291 1564; x_wconf 82' lang='lat' dir='ltr'>&lt;beat-ae&gt;</span> 
     </span>
     <span class='ocr_line' id='line_1_11' title="bbox 115 1598 1290 1681; baseline -0.001 -19"><span class='ocrx_word' id='word_1_80' title='bbox 115 1625 135 1664; x_wconf 89' lang='lat' dir='ltr'>lo</span> <span class='ocrx_word' id='word_1_81' title='bbox 150 1601 314 1664; x_wconf 86' lang='lat' dir='ltr'>memoriae</span> <span class='ocrx_word' id='word_1_82' title='bbox 348 1600 489 1681; x_wconf 89' lang='lat' dir='ltr'>episcopi</span> <span class='ocrx_word' id='word_1_83' title='bbox 522 1598 721 1664; x_wconf 85' lang='lat' dir='ltr'>Caelestinus</span> <span class='ocrx_word' id='word_1_84' title='bbox 755 1599 949 1681; x_wconf 86' lang='lat' dir='ltr'>apostolicae</span> <span class='ocrx_word' id='word_1_85' title='bbox 982 1598 1067 1662; x_wconf 91' lang='lat' dir='ltr'>sedis</span> <span class='ocrx_word' id='word_1_86' title='bbox 1100 1601 1225 1662; x_wconf 90' lang='lat' dir='ltr'>uestrae</span> <span class='ocrx_word' id='word_1_87' title='bbox 1258 1600 1290 1661; x_wconf 89' lang='lat' dir='ltr'>et</span> 
     </span>
     <span class='ocr_line' id='line_1_12' title="bbox 150 1704 1289 1790; baseline -0.002 -19"><span class='ocrx_word' id='word_1_88' title='bbox 150 1706 283 1789; x_wconf 75' lang='lat' dir='ltr'>Cyrillns</span> <span class='ocrx_word' id='word_1_89' title='bbox 307 1706 544 1783; x_wconf 74' lang='lat' dir='ltr'>Alexandrinae,</span> <span class='ocrx_word' id='word_1_90' title='bbox 565 1707 695 1790; x_wconf 90' lang='lat' dir='ltr'>insuper</span> <span class='ocrx_word' id='word_1_91' title='bbox 714 1706 810 1770; x_wconf 88' lang='lat' dir='ltr'>etiam</span> <span class='ocrx_word' id='word_1_92' title='bbox 835 1725 915 1788; x_wconf 88' lang='lat' dir='ltr'>quae</span> <span class='ocrx_word' id='word_1_93' title='bbox 940 1704 1116 1771; x_wconf 84' lang='lat' dir='ltr'>Calcedone</span> <span class='ocrx_word' id='word_1_94' title='bbox 1135 1704 1289 1769; x_wconf 89' lang='lat' dir='ltr'>aduersus</span> 
     </span>
     <span class='ocr_line' id='line_1_13' title="bbox 148 1812 1288 1897; baseline 0 -21"><span class='ocrx_word' id='word_1_95' title='bbox 148 1813 320 1897; x_wconf 78' lang='lat' dir='ltr'>Eutychem</span> <span class='ocrx_word' id='word_1_96' title='bbox 357 1814 490 1895; x_wconf 91' lang='lat' dir='ltr'>impium</span> <span class='ocrx_word' id='word_1_97' title='bbox 530 1818 721 1897; x_wconf 84' lang='lat' dir='ltr'>congregata</span> <span class='ocrx_word' id='word_1_98' title='bbox 760 1815 819 1890; x_wconf 91' lang='lat' dir='ltr'>est,</span> <span class='ocrx_word' id='word_1_99' title='bbox 854 1832 934 1895; x_wconf 91' lang='lat' dir='ltr'>quae</span> <span class='ocrx_word' id='word_1_100' title='bbox 967 1830 1076 1877; x_wconf 90' lang='lat' dir='ltr'>omnes</span> <span class='ocrx_word' id='word_1_101' title='bbox 1111 1812 1288 1894; x_wconf 89' lang='lat' dir='ltr'>praedictas</span> 
     </span>
     <span class='ocr_line' id='line_1_14' title="bbox 147 1918 1286 2002; baseline -0.002 -19"><span class='ocrx_word' id='word_1_102' title='bbox 147 1921 286 1984; x_wconf 84' lang='lat' dir='ltr'>ueritatis</span> <span class='ocrx_word' id='word_1_103' title='bbox 326 1923 420 2002; x_wconf 91' lang='lat' dir='ltr'>atque</span> <span class='ocrx_word' id='word_1_104' title='bbox 459 1920 661 1984; x_wconf 76' lang='lat' dir='ltr'>orthodoxiae</span> <span class='ocrx_word' id='word_1_105' title='bbox 694 1920 724 1983; x_wconf 93' lang='lat' dir='ltr'>in</span> <span class='ocrx_word' id='word_1_106' title='bbox 760 1940 794 1985; x_wconf 89' lang='lat' dir='ltr'>se</span> <span class='ocrx_word' id='word_1_107' title='bbox 830 1920 952 1985; x_wconf 91' lang='lat' dir='ltr'>ratione</span> <span class='ocrx_word' id='word_1_108' title='bbox 988 1918 1144 1983; x_wconf 89' lang='lat' dir='ltr'>firmauit:</span> <span class='ocrx_word' id='word_1_109' title='bbox 1181 1922 1286 1981; x_wconf 89' lang='lat' dir='ltr'>tamen</span> 
     </span>
     <span class='ocr_line' id='line_1_15' title="bbox 149 2025 1287 2111; baseline 0 -22"><span class='ocrx_word' id='word_1_110' title='bbox 149 2026 257 2091; x_wconf 89' lang='lat' dir='ltr'>audent</span> <span class='ocrx_word' id='word_1_111' title='bbox 296 2046 353 2091; x_wconf 90' lang='lat' dir='ltr'>nos</span> <span class='ocrx_word' id='word_1_112' title='bbox 390 2027 576 2111; x_wconf 87' lang='lat' dir='ltr'>impugnare</span> <span class='ocrx_word' id='word_1_113' title='bbox 613 2031 774 2110; x_wconf 83' lang='lat' dir='ltr'>tamquam</span> <span class='ocrx_word' id='word_1_114' title='bbox 797 2027 974 2091; x_wconf 84' lang='lat' dir='ltr'>uinculum</span> <span class='ocrx_word' id='word_1_115' title='bbox 1012 2025 1196 2090; x_wconf 85' lang='lat' dir='ltr'>concordiae</span> <span class='ocrx_word' id='word_1_116' title='bbox 1219 2025 1287 2089; x_wconf 91' lang='lat' dir='ltr'>sine</span> 
     </span>
     <span class='ocr_line' id='line_1_16' title="bbox 112 2126 1329 2213; baseline -0.001 -17"><span class='ocrx_word' id='word_1_117' title='bbox 112 2134 260 2197; x_wconf 79' lang='lat' dir='ltr'>aratione</span> <span class='ocrx_word' id='word_1_118' title='bbox 303 2133 454 2197; x_wconf 87' lang='lat' dir='ltr'>uitantes.</span> <span class='ocrx_word' id='word_1_119' title='bbox 514 2137 627 2198; x_wconf 90' lang='lat' dir='ltr'>notum</span> <span class='ocrx_word' id='word_1_120' title='bbox 666 2137 773 2198; x_wconf 89' lang='lat' dir='ltr'>autern</span> <span class='ocrx_word' id='word_1_121' title='bbox 810 2134 890 2197; x_wconf 91' lang='lat' dir='ltr'>mihi</span> <span class='ocrx_word' id='word_1_122' title='bbox 926 2137 976 2197; x_wconf 87' lang='lat' dir='ltr'>est</span> <span class='ocrx_word' id='word_1_123' title='bbox 1012 2136 1153 2196; x_wconf 91' lang='lat' dir='ltr'>uestram</span> <span class='ocrx_word' id='word_1_124' title='bbox 1195 2126 1329 2213; x_wconf 79' lang='lat' dir='ltr'>sequid</span> 
     </span>
     <span class='ocr_line' id='line_1_17' title="bbox 147 2238 1285 2322; baseline -0.001 -21"><span class='ocrx_word' id='word_1_125' title='bbox 147 2239 327 2318; x_wconf 79' lang='lat' dir='ltr'>doctrinam,</span> <span class='ocrx_word' id='word_1_126' title='bbox 343 2240 427 2304; x_wconf 89' lang='lat' dir='ltr'>sicut</span> <span class='ocrx_word' id='word_1_127' title='bbox 443 2240 525 2304; x_wconf 89' lang='lat' dir='ltr'>iuter</span> <span class='ocrx_word' id='word_1_128' title='bbox 539 2244 664 2305; x_wconf 89' lang='lat' dir='ltr'>sanctos</span> <span class='ocrx_word' id='word_1_129' title='bbox 680 2259 864 2322; x_wconf 88' lang='lat' dir='ltr'>praecessor</span> <span class='ocrx_word' id='word_1_130' title='bbox 877 2260 967 2305; x_wconf 89' lang='lat' dir='ltr'>mens</span> <span class='ocrx_word' id='word_1_131' title='bbox 981 2240 1111 2303; x_wconf 86' lang='lat' dir='ltr'>Alcison</span> <span class='ocrx_word' id='word_1_132' title='bbox 1131 2238 1285 2314; x_wconf 78' lang='lat' dir='ltr'>extiterat,</span> 
     </span>
     <span class='ocr_line' id='line_1_18' title="bbox 148 2346 1284 2429; baseline -0.001 -20"><span class='ocrx_word' id='word_1_133' title='bbox 148 2350 175 2409; x_wconf 90' lang='lat' dir='ltr'>et</span> <span class='ocrx_word' id='word_1_134' title='bbox 188 2346 417 2411; x_wconf 87' lang='lat' dir='ltr'>anathematizo</span> <span class='ocrx_word' id='word_1_135' title='bbox 434 2346 623 2411; x_wconf 88' lang='lat' dir='ltr'>Dioscorum</span> <span class='ocrx_word' id='word_1_136' title='bbox 640 2366 676 2410; x_wconf 89' lang='lat' dir='ltr'>ac</span> <span class='ocrx_word' id='word_1_137' title='bbox 690 2346 894 2412; x_wconf 81' lang='lat' dir='ltr'>Timotheum</span> <span class='ocrx_word' id='word_1_138' title='bbox 910 2347 1121 2429; x_wconf 88' lang='lat' dir='ltr'>appellatione</span> <span class='ocrx_word' id='word_1_139' title='bbox 1139 2346 1284 2409; x_wconf 86' lang='lat' dir='ltr'>Illlurnm</span> 
     </span>
     <span class='ocr_line' id='line_1_19' title="bbox 147 2452 1284 2519; baseline 0.004 -5"><span class='ocrx_word' id='word_1_140' title='bbox 147 2454 175 2516; x_wconf 88' lang='lat' dir='ltr'>et</span> <span class='ocrx_word' id='word_1_141' title='bbox 195 2452 326 2518; x_wconf 88' lang='lat' dir='ltr'>Petrum</span> <span class='ocrx_word' id='word_1_142' title='bbox 349 2452 461 2516; x_wconf 91' lang='lat' dir='ltr'>horum</span> <span class='ocrx_word' id='word_1_143' title='bbox 487 2471 704 2519; x_wconf 85' lang='lat' dir='ltr'>successorem</span> <span class='ocrx_word' id='word_1_144' title='bbox 734 2457 767 2519; x_wconf 91' lang='lat' dir='ltr'>et</span> <span class='ocrx_word' id='word_1_145' title='bbox 789 2453 876 2519; x_wconf 85' lang='lat' dir='ltr'>Petri</span> <span class='ocrx_word' id='word_1_146' title='bbox 899 2454 1118 2518; x_wconf 87' lang='lat' dir='ltr'>communione</span> <span class='ocrx_word' id='word_1_147' title='bbox 1142 2472 1215 2518; x_wconf 92' lang='lat' dir='ltr'>cnm</span> <span class='ocrx_word' id='word_1_148' title='bbox 1234 2452 1284 2518; x_wconf 92' lang='lat' dir='ltr'>his</span> 
     </span>
     <span class='ocr_line' id='line_1_20' title="bbox 146 2559 1285 2644; baseline 0 -21"><span class='ocrx_word' id='word_1_149' title='bbox 146 2559 328 2640; x_wconf 87' lang='lat' dir='ltr'>pcnnixtum</span> <span class='ocrx_word' id='word_1_150' title='bbox 354 2559 506 2625; x_wconf 89' lang='lat' dir='ltr'>Acacium</span> <span class='ocrx_word' id='word_1_151' title='bbox 530 2565 563 2624; x_wconf 93' lang='lat' dir='ltr'>et</span> <span class='ocrx_word' id='word_1_152' title='bbox 585 2561 726 2636; x_wconf 87' lang='lat' dir='ltr'>Petrum,</span> <span class='ocrx_word' id='word_1_153' title='bbox 754 2560 809 2644; x_wconf 90' lang='lat' dir='ltr'>qni</span> <span class='ocrx_word' id='word_1_154' title='bbox 828 2560 1059 2625; x_wconf 82' lang='lat' dir='ltr'>Antiochenam</span> <span class='ocrx_word' id='word_1_155' title='bbox 1086 2560 1285 2642; x_wconf 89' lang='lat' dir='ltr'>perturbauit</span> 
     </span>
     <span class='ocr_line' id='line_1_21' title="bbox 109 2666 1284 2752; baseline 0.003 -24"><span class='ocrx_word' id='word_1_156' title='bbox 109 2666 316 2742; x_wconf 81' lang='lat' dir='ltr'>aecclesiam,</span> <span class='ocrx_word' id='word_1_157' title='bbox 337 2685 472 2750; x_wconf 90' lang='lat' dir='ltr'>sequens</span> <span class='ocrx_word' id='word_1_158' title='bbox 489 2668 520 2731; x_wconf 90' lang='lat' dir='ltr'>in</span> <span class='ocrx_word' id='word_1_159' title='bbox 540 2668 687 2732; x_wconf 90' lang='lat' dir='ltr'>omnibus</span> <span class='ocrx_word' id='word_1_160' title='bbox 708 2669 874 2752; x_wconf 81' lang='lat' dir='ltr'>synodicas</span> <span class='ocrx_word' id='word_1_161' title='bbox 894 2687 929 2732; x_wconf 88' lang='lat' dir='ltr'>ae</span> <span class='ocrx_word' id='word_1_162' title='bbox 948 2668 1072 2751; x_wconf 90' lang='lat' dir='ltr'>proprie</span> <span class='ocrx_word' id='word_1_163' title='bbox 1091 2669 1284 2751; x_wconf 88' lang='lat' dir='ltr'>apostolicas</span> 
     </span>
     <span class='ocr_line' id='line_1_22' title="bbox 146 2771 1283 2857; baseline 0.004 -23"><span class='ocrx_word' id='word_1_164' title='bbox 146 2771 290 2852; x_wconf 87' lang='lat' dir='ltr'>epistolas</span> <span class='ocrx_word' id='word_1_165' title='bbox 319 2773 454 2856; x_wconf 89' lang='lat' dir='ltr'>scriptas</span> <span class='ocrx_word' id='word_1_166' title='bbox 485 2794 599 2839; x_wconf 88' lang='lat' dir='ltr'>auero</span> <span class='ocrx_word' id='word_1_167' title='bbox 627 2777 774 2857; x_wconf 83' lang='lat' dir='ltr'>praesule</span> <span class='ocrx_word' id='word_1_168' title='bbox 802 2775 960 2840; x_wconf 89' lang='lat' dir='ltr'>Romanae</span> <span class='ocrx_word' id='word_1_169' title='bbox 989 2775 1141 2839; x_wconf 89' lang='lat' dir='ltr'>eeclesiae</span> <span class='ocrx_word' id='word_1_170' title='bbox 1168 2775 1283 2838; x_wconf 84' lang='lat' dir='ltr'>Leone.</span> 
     </span>
     <span class='ocr_line' id='line_1_23' title="bbox 144 2875 1326 2964; baseline -0.001 -25"><span class='ocrx_word' id='word_1_171' title='bbox 144 2896 214 2962; x_wconf 91' lang='lat' dir='ltr'>rogo</span> <span class='ocrx_word' id='word_1_172' title='bbox 238 2882 363 2944; x_wconf 88' lang='lat' dir='ltr'>antem:</span> <span class='ocrx_word' id='word_1_173' title='bbox 397 2881 521 2964; x_wconf 89' lang='lat' dir='ltr'>plenius</span> <span class='ocrx_word' id='word_1_174' title='bbox 547 2883 640 2962; x_wconf 85' lang='lat' dir='ltr'>atque</span> <span class='ocrx_word' id='word_1_175' title='bbox 664 2881 849 2964; x_wconf 88' lang='lat' dir='ltr'>perfectius,</span> <span class='ocrx_word' id='word_1_176' title='bbox 884 2901 962 2964; x_wconf 88' lang='lat' dir='ltr'>qnae</span> <span class='ocrx_word' id='word_1_177' title='bbox 996 2882 1114 2945; x_wconf 89' lang='lat' dir='ltr'>seruari</span> <span class='ocrx_word' id='word_1_178' title='bbox 1149 2885 1282 2963; x_wconf 88' lang='lat' dir='ltr'>oportet,</span> <span class='ocrx_word' id='word_1_179' title='bbox 1309 2875 1326 2938; x_wconf 82' lang='lat'>7</span> 
     </span>
     <span class='ocr_line' id='line_1_24' title="bbox 145 2986 1282 3067; baseline 0.004 -22"><span class='ocrx_word' id='word_1_180' title='bbox 145 2987 336 3049; x_wconf 90' lang='lat' dir='ltr'>commonete</span> <span class='ocrx_word' id='word_1_181' title='bbox 371 2989 412 3059; x_wconf 91' lang='lat' dir='ltr'>et,</span> <span class='ocrx_word' id='word_1_182' title='bbox 442 2986 557 3067; x_wconf 87' lang='lat' dir='ltr'>quibus</span> <span class='ocrx_word' id='word_1_183' title='bbox 587 2987 744 3052; x_wconf 89' lang='lat' dir='ltr'>abstinere</span> <span class='ocrx_word' id='word_1_184' title='bbox 777 2989 919 3063; x_wconf 86' lang='lat' dir='ltr'>debeam,</span> <span class='ocrx_word' id='word_1_185' title='bbox 947 2987 1065 3052; x_wconf 86' lang='lat' dir='ltr'>uestris</span> <span class='ocrx_word' id='word_1_186' title='bbox 1094 2987 1282 3052; x_wconf 90' lang='lat' dir='ltr'>custodibus</span> 
     </span>
     <span class='ocr_line' id='line_1_25' title="bbox 143 3089 1282 3168; baseline 0.005 -16"><span class='ocrx_word' id='word_1_187' title='bbox 143 3089 252 3155; x_wconf 88' lang='lat' dir='ltr'>litteris</span> <span class='ocrx_word' id='word_1_188' title='bbox 281 3093 438 3168; x_wconf 85' lang='lat' dir='ltr'>intimate,</span> <span class='ocrx_word' id='word_1_189' title='bbox 466 3095 503 3156; x_wconf 88' lang='lat' dir='ltr'>nt</span> <span class='ocrx_word' id='word_1_190' title='bbox 532 3094 592 3157; x_wconf 88' lang='lat' dir='ltr'>etsi</span> <span class='ocrx_word' id='word_1_191' title='bbox 620 3093 767 3159; x_wconf 83' lang='lat' dir='ltr'>fortassis</span> <span class='ocrx_word' id='word_1_192' title='bbox 795 3094 898 3158; x_wconf 87' lang='lat' dir='ltr'>adhuc</span> <span class='ocrx_word' id='word_1_193' title='bbox 926 3095 1148 3159; x_wconf 87' lang='lat' dir='ltr'>inexercitatus</span> <span class='ocrx_word' id='word_1_194' title='bbox 1182 3095 1282 3159; x_wconf 90' lang='lat' dir='ltr'>ordini</span> 
     </span>
     <span class='ocr_line' id='line_1_26' title="bbox 107 3195 1281 3283; baseline 0.002 -21"><span class='ocrx_word' id='word_1_195' title='bbox 107 3223 128 3262; x_wconf 79' lang='lat' dir='ltr'>a</span> <span class='ocrx_word' id='word_1_196' title='bbox 144 3195 269 3277; x_wconf 89' lang='lat' dir='ltr'>deputor</span> <span class='ocrx_word' id='word_1_197' title='bbox 282 3198 456 3262; x_wconf 89' lang='lat' dir='ltr'>lectionum</span> <span class='ocrx_word' id='word_1_198' title='bbox 473 3218 530 3263; x_wconf 89' lang='lat' dir='ltr'>seu</span> <span class='ocrx_word' id='word_1_199' title='bbox 546 3199 607 3262; x_wconf 91' lang='lat' dir='ltr'>dixi</span> <span class='ocrx_word' id='word_1_200' title='bbox 629 3200 697 3263; x_wconf 89' lang='lat' dir='ltr'>siue</span> <span class='ocrx_word' id='word_1_201' title='bbox 718 3199 769 3283; x_wconf 86' lang='lat' dir='ltr'>egi</span> <span class='ocrx_word' id='word_1_202' title='bbox 789 3201 973 3282; x_wconf 89' lang='lat' dir='ltr'>apostolicis</span> <span class='ocrx_word' id='word_1_203' title='bbox 994 3201 1144 3265; x_wconf 87' lang='lat' dir='ltr'>doctrinis</span> <span class='ocrx_word' id='word_1_204' title='bbox 1165 3202 1281 3265; x_wconf 85' lang='lat' dir='ltr'>uestris</span> 
     </span>
     <span class='ocr_line' id='line_1_27' title="bbox 143 3303 1281 3388; baseline 0.005 -22"><span class='ocrx_word' id='word_1_205' title='bbox 143 3303 353 3386; x_wconf 82' lang='lat' dir='ltr'>incongruum,</span> <span class='ocrx_word' id='word_1_206' title='bbox 374 3304 491 3369; x_wconf 88' lang='lat' dir='ltr'>nestris</span> <span class='ocrx_word' id='word_1_207' title='bbox 510 3305 655 3370; x_wconf 90' lang='lat' dir='ltr'>imbutus</span> <span class='ocrx_word' id='word_1_208' title='bbox 677 3307 877 3371; x_wconf 89' lang='lat' dir='ltr'>sermonibus</span> <span class='ocrx_word' id='word_1_209' title='bbox 904 3308 1026 3388; x_wconf 88' lang='lat' dir='ltr'>possim</span> <span class='ocrx_word' id='word_1_210' title='bbox 1050 3307 1281 3372; x_wconf 85' lang='lat' dir='ltr'>haereticorum</span> 
     </span>
     <span class='ocr_line' id='line_1_28' title="bbox 144 3409 1280 3491; baseline 0.005 -19"><span class='ocrx_word' id='word_1_211' title='bbox 144 3409 289 3475; x_wconf 90' lang='lat' dir='ltr'>obsistere</span> <span class='ocrx_word' id='word_1_212' title='bbox 317 3411 484 3477; x_wconf 88' lang='lat' dir='ltr'>machinis.</span> <span class='ocrx_word' id='word_1_213' title='bbox 509 3412 568 3476; x_wconf 94' lang='lat' dir='ltr'>hoc</span> <span class='ocrx_word' id='word_1_214' title='bbox 593 3413 676 3476; x_wconf 86' lang='lat' dir='ltr'>enim</span> <span class='ocrx_word' id='word_1_215' title='bbox 700 3413 864 3491; x_wconf 82' lang='lat' dir='ltr'>facientes,</span> <span class='ocrx_word' id='word_1_216' title='bbox 894 3414 1098 3490; x_wconf 86' lang='lat' dir='ltr'>sanctissimi,</span> <span class='ocrx_word' id='word_1_217' title='bbox 1126 3415 1280 3478; x_wconf 90' lang='lat' dir='ltr'>firmiores</span> 
     </span>
    </p>
   </div>
   <div class='ocr_carea' id='block_1_3' title="bbox 225 3723 458 3794">
    <p class='ocr_par' dir='ltr' id='par_1_3' title="bbox 225 3723 458 3794">
     <span class='ocr_line' id='line_1_29' title="bbox 225 3723 458 3794; baseline 0.004 -17"><span class='ocrx_word' id='word_1_218' title='bbox 225 3723 358 3794; x_wconf 85' lang='lat' dir='ltr'>lEphes.</span> <span class='ocrx_word' id='word_1_219' title='bbox 379 3725 403 3786; x_wconf 85' lang='lat'>6,</span> <span class='ocrx_word' id='word_1_220' title='bbox 424 3726 458 3778; x_wconf 83' lang='lat'>19</span> 
     </span>
    </p>
   </div>
   <div class='ocr_carea' id='block_1_4' title="bbox 140 3919 1278 4418">
    <p class='ocr_par' dir='ltr' id='par_1_4' title="bbox 140 3919 1278 4418">
     <span class='ocr_line' id='line_1_30' title="bbox 173 3919 1278 3989; baseline 0.005 -17"><span class='ocrx_word' id='word_1_221' title='bbox 173 3919 341 3987; x_wconf 68' lang='lat' dir='ltr'>aspernante</span> <span class='ocrx_word' id='word_1_222' title='bbox 362 3937 375 3989; x_wconf 82' lang='grc' dir='ltr'>ρ</span> <span class='ocrx_word' id='word_1_223' title='bbox 466 3921 481 3973; x_wconf 88' lang='grc'><strong>6</strong></span> <span class='ocrx_word' id='word_1_224' title='bbox 501 3923 575 3972; x_wconf 88' lang='lat' dir='ltr'>recta</span> <span class='ocrx_word' id='word_1_225' title='bbox 594 3919 662 3972; x_wconf 88' lang='lat' dir='ltr'>Bar.</span> <span class='ocrx_word' id='word_1_226' title='bbox 682 3919 713 3972; x_wconf 77' lang='lat' dir='ltr'>in</span> <span class='ocrx_word' id='word_1_227' title='bbox 731 3936 816 3989; x_wconf 74' lang='lat' dir='ltr'>rnarq.</span> <span class='ocrx_word' id='word_1_228' title='bbox 925 3919 1043 3974; x_wconf 85' lang='lat' dir='ltr'>incidere</span> <span class='ocrx_word' id='word_1_229' title='bbox 1067 3921 1096 3985; x_wconf 75' lang='lat'>1⁷,</span> <span class='ocrx_word' id='word_1_230' title='bbox 1121 3936 1189 3974; x_wconf 88' lang='lat' dir='ltr'>corr.</span> <span class='ocrx_word' id='word_1_231' title='bbox 1208 3921 1278 3978; x_wconf 83' lang='lat' dir='ltr'>Bnr.</span> 
     </span>
     <span class='ocr_line' id='line_1_31' title="bbox 141 4004 1278 4078; baseline 0.001 -21"><span class='ocrx_word' id='word_1_232' title='bbox 141 4004 288 4074; x_wconf 79' lang='lat' dir='ltr'>dquoniam</span> <span class='ocrx_word' id='word_1_233' title='bbox 304 4007 339 4060; x_wconf 88' lang='lat' dir='ltr'>V:</span> <span class='ocrx_word' id='word_1_234' title='bbox 352 4023 513 4077; x_wconf 88' lang='lat' dir='ltr'>quamquam</span> <span class='ocrx_word' id='word_1_235' title='bbox 525 4007 627 4062; x_wconf 84' lang='lat' dir='ltr'>Hartei</span> <span class='ocrx_word' id='word_1_236' title='bbox 682 4007 1045 4078; x_wconf 71' lang='lat' dir='ltr'>ldissimulantcslscsnnt</span> <span class='ocrx_word' id='word_1_237' title='bbox 1099 4008 1226 4078; x_wconf 90' lang='lat' dir='ltr'>9quibns</span> <span class='ocrx_word' id='word_1_238' title='bbox 1241 4009 1278 4063; x_wconf 86' lang='lat' dir='ltr'>V:</span> 
     </span>
     <span class='ocr_line' id='line_1_32' title="bbox 142 4095 1277 4168; baseline 0.004 -21"><span class='ocrx_word' id='word_1_239' title='bbox 142 4110 189 4162; x_wconf 89' lang='lat' dir='ltr'>qun</span> <span class='ocrx_word' id='word_1_240' title='bbox 205 4095 272 4151; x_wconf 82' lang='lat' dir='ltr'>Bar.</span> <span class='ocrx_word' id='word_1_241' title='bbox 291 4097 324 4148; x_wconf 76' lang='lat' dir='ltr'>ia</span> <span class='ocrx_word' id='word_1_242' title='bbox 341 4112 427 4166; x_wconf 75' lang='lat' dir='ltr'>neurq.</span> <span class='ocrx_word' id='word_1_243' title='bbox 483 4097 668 4150; x_wconf 85' lang='lat' dir='ltr'>sanctissimae</span> <span class='ocrx_word' id='word_1_244' title='bbox 688 4115 714 4160; x_wconf 81' lang='lat'>03</span> <span class='ocrx_word' id='word_1_245' title='bbox 735 4113 781 4168; x_wconf 72' lang='lat' dir='ltr'>eqo</span> <span class='ocrx_word' id='word_1_246' title='bbox 801 4098 903 4152; x_wconf 82' lang='lat' dir='ltr'>addere</span> <span class='ocrx_word' id='word_1_247' title='bbox 920 4099 1009 4151; x_wconf 84' lang='lat' dir='ltr'>malui</span> <span class='ocrx_word' id='word_1_248' title='bbox 1026 4098 1123 4151; x_wconf 87' lang='lat' dir='ltr'>beatae</span> <span class='ocrx_word' id='word_1_249' title='bbox 1180 4099 1213 4151; x_wconf 78' lang='lat'>12</span> <span class='ocrx_word' id='word_1_250' title='bbox 1233 4116 1277 4151; x_wconf 89' lang='lat' dir='ltr'>eu·</span> 
     </span>
     <span class='ocr_line' id='line_1_33' title="bbox 140 4183 1277 4256; baseline 0.005 -23"><span class='ocrx_word' id='word_1_251' title='bbox 140 4183 232 4236; x_wconf 87' lang='lat' dir='ltr'>tichem</span> <span class='ocrx_word' id='word_1_252' title='bbox 256 4185 281 4237; x_wconf 93' lang='lat' dir='ltr'><em>V</em></span> <span class='ocrx_word' id='word_1_253' title='bbox 316 4185 349 4239; x_wconf 87' lang='lat'>13</span> <span class='ocrx_word' id='word_1_254' title='bbox 367 4185 491 4238; x_wconf 86' lang='lat' dir='ltr'>ueritatis</span> <span class='ocrx_word' id='word_1_255' title='bbox 505 4185 616 4253; x_wconf 81' lang='lat' dir='ltr'>scripsi:</span> <span class='ocrx_word' id='word_1_256' title='bbox 635 4186 765 4238; x_wconf 87' lang='lat' dir='ltr'>ueritates</span> <span class='ocrx_word' id='word_1_257' title='bbox 784 4186 815 4251; x_wconf 89' lang='lat' dir='ltr'>V,</span> <span class='ocrx_word' id='word_1_258' title='bbox 835 4187 909 4254; x_wconf 81' lang='lat' dir='ltr'>quod</span> <span class='ocrx_word' id='word_1_259' title='bbox 925 4189 1070 4240; x_wconf 82' lang='lat' dir='ltr'>retinentes</span> <span class='ocrx_word' id='word_1_260' title='bbox 1090 4192 1171 4256; x_wconf 89' lang='lat' dir='ltr'>atque</span> <span class='ocrx_word' id='word_1_261' title='bbox 1187 4189 1277 4241; x_wconf 89' lang='lat' dir='ltr'>ortho-</span> 
     </span>
     <span class='ocr_line' id='line_1_34' title="bbox 142 4269 1277 4342; baseline 0.004 -20"><span class='ocrx_word' id='word_1_262' title='bbox 142 4269 203 4324; x_wconf 87' lang='lat' dir='ltr'>doxa</span> <span class='ocrx_word' id='word_1_263' title='bbox 222 4272 293 4336; x_wconf 71' lang='lat' dir='ltr'>Car,</span> <span class='ocrx_word' id='word_1_264' title='bbox 313 4289 399 4342; x_wconf 88' lang='lat' dir='ltr'>aeque</span> <span class='ocrx_word' id='word_1_265' title='bbox 418 4273 593 4328; x_wconf 86' lang='lat' dir='ltr'>orthodoxiae</span> <span class='ocrx_word' id='word_1_266' title='bbox 616 4273 694 4328; x_wconf 79' lang='lat' dir='ltr'>Tlriel</span> <span class='ocrx_word' id='word_1_267' title='bbox 768 4275 801 4328; x_wconf 88' lang='lat'>19</span> <span class='ocrx_word' id='word_1_268' title='bbox 821 4275 990 4329; x_wconf 85' lang='lat' dir='ltr'>antiocenam</span> <span class='ocrx_word' id='word_1_269' title='bbox 1014 4275 1040 4327; x_wconf 89' lang='lat' dir='ltr'><em>V</em></span> <span class='ocrx_word' id='word_1_270' title='bbox 1108 4276 1140 4328; x_wconf 81' lang='lat'>21</span> <span class='ocrx_word' id='word_1_271' title='bbox 1162 4277 1220 4327; x_wconf 88' lang='lat' dir='ltr'>niro</span> <span class='ocrx_word' id='word_1_272' title='bbox 1245 4275 1277 4338; x_wconf 85' lang='lat' dir='ltr'>V,</span> 
     </span>
     <span class='ocr_line' id='line_1_35' title="bbox 142 4360 1239 4418; baseline 0.006 -9"><span class='ocrx_word' id='word_1_273' title='bbox 142 4371 203 4412; x_wconf 84' lang='lat' dir='ltr'>corr.</span> <span class='ocrx_word' id='word_1_274' title='bbox 220 4360 288 4414; x_wconf 86' lang='lat' dir='ltr'>Bor.</span> <span class='ocrx_word' id='word_1_275' title='bbox 344 4361 380 4414; x_wconf 79' lang='lat'>24</span> <span class='ocrx_word' id='word_1_276' title='bbox 399 4362 453 4414; x_wconf 87' lang='lat' dir='ltr'>etsi</span> <span class='ocrx_word' id='word_1_277' title='bbox 476 4361 513 4416; x_wconf 80' lang='lat' dir='ltr'>l&#39;:</span> <span class='ocrx_word' id='word_1_278' title='bbox 533 4363 555 4415; x_wconf 89' lang='lat' dir='ltr'>si</span> <span class='ocrx_word' id='word_1_279' title='bbox 574 4363 643 4418; x_wconf 86' lang='lat' dir='ltr'>Bur.</span> <span class='ocrx_word' id='word_1_280' title='bbox 699 4363 732 4416; x_wconf 81' lang='lat'>27</span> <span class='ocrx_word' id='word_1_281' title='bbox 752 4364 864 4416; x_wconf 84' lang='lat' dir='ltr'>nraeirris</span> <span class='ocrx_word' id='word_1_282' title='bbox 887 4363 914 4416; x_wconf 87' lang='lat' dir='ltr'><em>V</em></span> <span class='ocrx_word' id='word_1_283' title='bbox 982 4364 1152 4416; x_wconf 86' lang='lat' dir='ltr'>sanctissime</span> <span class='ocrx_word' id='word_1_284' title='bbox 1176 4363 1239 4416; x_wconf 79' lang='lat' dir='ltr'>t&#39;ar.</span> 
     </span>
    </p>
   </div>
   <div class='ocr_carea' id='block_1_5' title="bbox 0 0 1518 4975">
    <p class='ocr_par' dir='ltr' id='par_1_5' title="bbox 0 0 1518 4975">
     <span class='ocr_line' id='line_1_36' title="bbox 0 0 1518 4975; baseline 0 3"><span class='ocrx_word' id='word_1_285' title='bbox 0 0 1518 4975; x_wconf 95' lang='lat' dir='ltr'> </span> 
     </span>
    </p>
   </div>
  </div>
 </body>
</html>
