3025 4975
655 417 668 472 I
690 418 803 472 10-16.
1237 419 1302 483 779

156 615 288 679 effectus
311 613 465 698 praefixae
488 613 695 678 nihilominus
719 614 878 696 particeps
903 613 1116 678 damnationis
1144 613 1301 690 existeret,

157 723 304 804 quoniam
336 721 422 786 idem
455 722 525 803 ipse
558 740 652 799 error,
687 723 742 804 qni
775 721 875 786 semel
907 725 958 786 est
985 740 1058 785 cum
1087 740 1145 786 suo
1174 725 1303 784 anctore

157 829 334 905 damnatus,
358 829 390 892 in
413 828 568 910 participe
593 828 737 911 quolibet
759 847 875 911 prauae
900 827 1131 893 communionis
1156 826 1305 890 effectum

156 938 187 1000 et
210 936 459 1000 exsecrationem
484 936 536 999 sui
560 939 666 1020 gestat
690 937 723 1000 et
744 953 890 1017 poenam.
908 955 970 1016 quo
989 939 1098 999 tenore
1116 928 1356 998 Timothens14

127 1043 250 1106 seuam
283 1045 378 1125 atque
411 1043 480 1124 ipse
512 1041 741 1107 Alexandrinus
774 1042 901 1120 Petrus,
935 1042 991 1124 qui
1018 1040 1192 1106 secundam
1219 1042 1303 1104 certe

13 1125 14 1142 ἵ
157 1147 263 1213 eedem
283 1149 427 1213 tenuisse
447 1149 648 1226 uidebantur,
668 1169 730 1214 non
748 1150 885 1232 repetita
905 1148 1025 1232 syuodo
1044 1147 1101 1211 sed
1115 1147 1304 1211 auctoritate

156 1255 375 1320 tantummodo
403 1255 489 1320 sedis
518 1255 711 1338 apostolicae
734 1257 805 1338 ipso
830 1274 957 1337 quoqne
979 1255 1096 1318 Acacio
1119 1254 1304 1336 postulante

155 1363 206 1426 nel
229 1365 419 1444 exsequente
443 1363 594 1445 probetur
617 1381 687 1427 esse
712 1363 895 1426 damnatus.
921 1362 1054 1444 quodsi
1076 1365 1185 1424 utrum
1209 1357 1356 1424 erroril5

155 1467 207 1531 uel
241 1467 506 1549 praeuaricationi
543 1467 787 1533 communicarit
824 1469 963 1533 Aeacius
1004 1468 1138 1532 forsitan
1179 1467 1304 1530 dicatur

13 1561 14 1574 ¹
119 1595 140 1632 u
157 1573 332 1656 oportuisse
362 1577 516 1652 constare,
545 1575 685 1639 breuiter
711 1575 900 1657 praebemus
928 1575 967 1639 ad
998 1575 1065 1638 ista
1094 1592 1301 1656 responsum:

157 1683 209 1744 aut
231 1679 315 1744 enim
338 1681 401 1763 ipsi
424 1680 558 1746 doceant
579 1681 710 1746 Petrum
730 1682 876 1765 legitime
895 1681 1114 1762 ueraciterque
1131 1681 1304 1763 purgatum

157 1789 187 1850 et
213 1787 250 1851 ab
281 1789 366 1852 omni
394 1788 624 1852 haereticorum
653 1788 843 1872 contagione
870 1789 930 1852 rite
959 1787 1143 1865 discretum,
1172 1805 1245 1850 curn
1274 1786 1303 1849 ei

157 1893 402 1957 communicauit
424 1893 571 1971 Aeacius,
597 1894 625 1958 si
654 1893 722 1958 eius
751 1892 1054 1957 communicatorem
1081 1894 1197 1975 putant
1223 1891 1302 1954 Aca·

157 1999 237 2064 cium
260 1999 461 2082 aliquetenus
500 1999 725 2078 excusandum,
764 2001 821 2064 aut
857 1999 943 2064 sicut
977 1999 1082 2082 magis
1106 2001 1302 2078 catomum,

117 2129 138 2167 rs
157 2106 375 2171 conuenienter
397 2112 493 2189 atque
511 2107 655 2190 legitime
674 2107 806 2171 Petrum
825 2125 888 2170 non
906 2105 1111 2189 probauerint
1129 2105 1300 2188 expiatum,

156 2216 251 2278 restat
282 2217 319 2278 ut
351 2213 419 2278 eius
452 2213 662 2295 inexpiatione
695 2213 794 2278 fucrit
825 2216 858 2277 et
893 2213 949 2295 qui
986 2212 1016 2276 ei
1052 2211 1301 2276 communicauit

155 2317 300 2386 iniectus.
329 2339 386 2384 nec
409 2321 502 2401 plane
526 2322 680 2396 tacemus,
707 2319 791 2402 quod
816 2323 930 2383 cuncta
953 2337 1010 2402 per
1032 2318 1187 2382 mundum
1210 2317 1352 2382 uouit16

156 2426 296 2505 eeclesia,
331 2426 480 2509 qnoniam
517 2426 734 2510 quorumlibet
771 2426 940 2491 sententiis
976 2426 1077 2509 ligata
1113 2423 1300 2509 pontificum

155 2531 242 2598 sedes
269 2534 357 2597 beati
380 2534 467 2599 Petri
492 2534 628 2616 apostoli
652 2534 703 2598 ins
728 2534 845 2598 habeat
867 2533 1059 2610 resoluendi‚
1083 2536 1195 2614 utpote
1219 2551 1299 2614 qnae

114 2662 137 2701 ao
155 2638 191 2702 de
214 2639 300 2703 omni
324 2639 461 2705 ecclesia
483 2640 531 2703 fas
556 2640 672 2704 habeat
694 2639 858 2704 iudicandi
881 2658 983 2720 neque
1003 2638 1153 2720 cuiqnam
1172 2637 1210 2701 de
1229 2638 1298 2701 eius

153 2744 244 2809 liceat
266 2745 406 2811 iudicare
430 2745 561 2821 iudicio,
585 2746 744 2829 siquidem
770 2745 809 2809 ad
832 2745 922 2809 illam
947 2744 985 2809 de
1019 2744 1162 2827 qualibet
1188 2744 1300 2808 mundi

153 2855 238 2932 parte
272 2871 407 2917 canones
441 2853 592 2937 appellari
625 2854 808 2929 uoluerunt,
843 2852 881 2916 ab
914 2852 970 2915 illa
998 2855 1106 2917 autem
1134 2870 1225 2916 nemo
1255 2851 1299 2915 sit

153 2958 309 3040 appellare
333 2960 520 3041 permissus.
545 2962 738 3042 quapropter
757 2960 837 3023 satis
857 2961 983 3023 constet
1000 2958 1154 3023 Acacium
1172 2958 1298 3022 nullum

186 3176 201 3228 3
220 3175 346 3229 effectum
366 3176 476 3242 (affectu
496 3174 520 3241 ὃ)
540 3176 560 3225 Σ
581 3178 647 3242 (B):
668 3179 764 3232 effecto
788 3177 869 3231 VRA
908 3179 927 3230 4
944 3179 1039 3230 tenore
1058 3194 1109 3231 om.
1130 3176 1161 3244 βδ
1203 3180 1219 3231 5
1238 3178 1298 3246 ipse

152 3262 234 3319 omni
298 3265 434 3335 trapetit
453 3264 512 3335 aQ
582 3266 714 3335 synodum
734 3265 766 3334 βδ
831 3264 1060 3320 'itantomodot
1115 3266 1298 3335 8probantur

151 3350 201 3406 i²T
217 3352 271 3421 (A)
345 3352 485 3423 dampnati
503 3352 557 3409 i²T
575 3356 649 3424 (A¹)‚
670 3356 814 3409 damnatos
833 3354 878 3424 oq³
931 3356 948 3409 9
966 3354 1162 3424 praeuaricatio
1178 3354 1200 3421 δ,
1218 3371 1297 3423 prae-

152 3443 315 3497 uaricatione
333 3440 365 3505 ii,
384 3442 588 3513 praedicatione
610 3444 636 3497 Τ
653 3444 719 3513 (Αθ)
829 3445 1038 3497 communicaret
1057 3442 1123 3511 q¹q²,
1148 3443 1297 3497 communi-

152 3532 253 3585 canerit
275 3532 371 3599 Tm)
463 3534 479 3587 9
503 3532 658 3587 forsitan..
675 3534 708 3588 13
728 3534 843 3588 Aeacius
867 3549 918 3586 om.
942 3532 967 3585 T
1055 3533 1090 3586 10
1107 3532 1251 3601 prebemus
1271 3531 1296 3600 β,

150 3619 325 3688 probemusi
395 3624 427 3675 14
447 3623 518 3676 sicut
536 3620 569 3676 Σε
589 3624 612 3677 si
632 3623 704 3693 qnod
722 3620 833 3678 recesst
896 3625 930 3677 15
948 3623 1072 3691 legitime
1092 3623 1138 3691 qui
1156 3618 1296 3692 petrumo

151 3708 300 3778 expiatione
323 3710 346 3780 Q
365 3711 403 3776 (in
423 3712 481 3764 eius
502 3711 653 3781 expiatione
674 3717 739 3781 περ.
758 3711 792 3777 ι’)
852 3712 883 3764 17
901 3710 989 3763 uerba
1008 3726 1057 3763 nec
1075 3710 1156 3779 plene
1174 3712 1296 3762 tacemus

149 3812 230 3865 usqam
249 3798 288 3853 ad
299 3816 331 3868 p.
349 3802 416 3863 780,
435 3802 452 3853 5
467 3800 596 3854 ecclesiae
612 3800 705 3867 adfert
719 3799 880 3863 Dcusdcdit
899 3798 1008 3853 Gellcct.
1024 3814 1124 3852 conon.
1137 3800 1158 3852 1
1169 3802 1226 3851 103
1241 3798 1295 3864 (cri.

149 3885 319 3943 Murtiraucci
334 3906 362 3958 p.
383 3890 436 3956 85)
514 3905 564 3943 uec
588 3894 679 3942 tamen
699 3886 871 3943 taceamust
944 3885 1059 3942 cuntai
1115 3887 1148 3941 18
1168 3888 1295 3957 qnoniam

150 3976 230 4029 omo
311 3976 399 4045 ligata
418 3976 471 4037 ET:
490 3978 583 4047 legata
604 3976 688 4048 ρυβδί
779 3980 813 4031 19
832 3976 904 4030 sedis
927 3975 1010 4047 ρυβδί
1094 3977 1249 4031 resoluendi
1268 3977 1294 4038 ξι

149 4063 247 4117 resolui
269 4062 395 4134 003an
410 4063 565 4119 Derccdcda't
590 4064 700 4131 (resolui
717 4107 722 4119 .
739 4106 744 4118 .
760 4064 863 4118 habeat
880 4080 933 4121 om.
951 4062 985 4130 ⁸¹²)
1077 4064 1112 4117 20
1131 4063 1262 4117 ecciesiae
1281 4062 1295 4115 δ

151 4152 183 4204 22
202 4154 337 4222 appellare
357 4152 413 4206 oa'T
429 4153 581 4207 Dcasdcdr't
600 4153 681 4221 (BA)
782 4152 928 4206 uoluerunt
946 4153 966 4201 Σ
986 4152 1053 4219 (A):
1072 4152 1210 4206 noluerint
1225 4157 1296 4205 recte

155 4238 229 4295 VEB
246 4240 401 4295 Dcusdcdit
503 4242 648 4295 uoluerunt
667 4241 804 4311 appellare
824 4238 923 4309 trapa
1014 4240 1049 4293 23
1069 4243 1176 4293 constet
1197 4238 1293 4309 ρυβδίε

151 4332 255 4383 constat
276 4330 301 4385 T
317 4328 470 4385 Deucadcdit
489 4328 531 4399 (u)
