3025 4975
229 458 293 522 764
390 453 561 525 Epiphanius
581 453 796 510 Constantiensis
816 453 849 507 de
867 453 920 506 ΧΠ
938 453 1051 524 gemmis
1069 453 1212 507 rationalis

227 669 433 734 unaquaeque
466 650 594 727 diuisis,
629 649 731 732 qualis
764 647 803 712 ad
836 649 1006 714 eorundem
1044 648 1187 731 lapidum
1218 649 1374 714 rationem

175 754 458 839 731ectionemque
482 757 525 821 sit
548 775 734 840 congruens.
761 759 793 819 et
815 755 1009 837 ubicumque
1036 755 1164 836 quidem
1196 755 1372 820 dinumera-

225 868 329 928 tarum
352 865 493 929 tribuum
517 866 637 927 statum
660 863 691 928 in
714 862 794 927 locis
819 862 954 946 singulis
982 862 1178 944 inspeximus
1201 867 1373 944 menteque

226 971 448 1054 perpendimus
481 991 541 1034 non
570 989 664 1052 posse
696 969 883 1033 naturaliter
910 1005 954 1014 -
982 973 1019 1032 ut
1048 987 1200 1032 numerus
1237 969 1374 1050 quilibet

226 1097 345 1156 eorum,
384 1077 437 1159 qui
470 1077 501 1141 in
534 1095 722 1158 unaquaque
761 1076 918 1140 diuisione
955 1075 1112 1139 numerati
1150 1079 1235 1152 sunt,
1272 1095 1372 1139 unum
1405 1096 1417 1135 s

225 1203 338 1248 nomen
377 1184 483 1248 minus
521 1184 639 1248 habens
678 1203 712 1247 er
749 1183 898 1247 tribubus
935 1218 980 1228 --
1016 1181 1222 1264 appellationi
1259 1182 1372 1246 horum

224 1291 366 1372 lapidum
390 1291 539 1372 coaptari,
564 1290 699 1371 ideoque
722 1290 868 1372 protinus
898 1288 1089 1354 diuisionem
1116 1289 1286 1352 secundam
1311 1289 1372 1352 rite

225 1399 425 1475 sustulimus,
450 1401 560 1479 utpote
586 1416 665 1479 quae
689 1398 802 1461 horum
825 1395 968 1478 lapidum
994 1395 1232 1459 consonantiam
1256 1395 1372 1459 habere

224 1523 284 1568 non
322 1505 434 1586 possit,
472 1507 599 1586 propter
632 1503 716 1585 quod
748 1503 868 1586 primos
901 1505 999 1586 ponat
1031 1502 1100 1565 Dan
1133 1506 1166 1566 et
1196 1500 1372 1585 Neptalim,

226 1609 294 1675 Gad
318 1609 350 1674 et
372 1611 460 1687 Aser,
484 1610 545 1676 hoc
569 1614 619 1674 est
642 1610 828 1675 ancillarum
852 1610 946 1684 filios,
972 1608 1096 1692 quando
1120 1609 1253 1673 mittens
1276 1609 1370 1673 Iacob
1393 1632 1417 1670 n

223 1717 307 1782 Esau
333 1736 462 1780 munera
485 1718 516 1780 in
540 1720 678 1780 turmam
704 1735 757 1780 eos
777 1716 911 1799 primam
933 1715 1056 1792 diuisit,
1075 1716 1245 1798 posthaec
1264 1720 1371 1779 autem

222 1823 305 1888 filios
338 1824 412 1887 Line
444 1823 521 1888 iecit
554 1823 648 1886 aliam
683 1827 832 1896 turmam,
865 1821 936 1886 dein
965 1822 1048 1886 filios
1081 1821 1200 1885 Rachel
1230 1825 1372 1886 turmam

222 1931 359 1994 tertiam.
401 1949 473 1994 nam
516 1949 588 1994 cum
630 1929 834 2011 pretiosiores
875 1929 997 2010 lapides
1040 1928 1106 1992 sint
1140 1927 1174 1991 in
1215 1927 1371 2010 principio

221 2037 395 2114 rationalis,
427 2056 518 2120 porro
551 2037 608 2101 lilii
638 2036 825 2101 ancillamm
858 2036 1022 2100 inferiores
1056 2035 1230 2099 habeantur
1258 2038 1291 2099 et
1318 2035 1371 2100 hic

222 2144 359 2224 primum
387 2144 484 2226 positi
508 2144 580 2221 sint,
609 2143 809 2224 impossibile
834 2147 883 2207 est
905 2161 960 2207 eos
984 2141 1025 2206 ad
1048 2160 1178 2205 causam
1206 2142 1370 2206 rationalis
1389 2162 1416 2204 ιε

222 2248 252 2312 in
281 2249 340 2313 hac
369 2250 489 2313 numeri
522 2253 611 2331 parte
640 2269 822 2335 congruere,
851 2252 981 2331 propter
1008 2242 1093 2330 quod
1119 2248 1165 2313 ita
1192 2268 1226 2313 se
1255 2249 1370 2313 babere

222 2375 283 2419 non
307 2357 419 2437 possit.

172 2460 213 2523 74
268 2460 349 2526 Item
367 2464 511 2543 quartam
528 2461 994 2539 diuisionembenedictionem
1008 2461 1113 2539 Iacob,
1124 2461 1369 2545 exploranimus,

225 2568 348 2649 quando
377 2570 514 2633 moriens
542 2570 617 2633 fili-is
646 2569 814 2633 benedixit.
846 2568 943 2632 habet
970 2568 1052 2631 enirn
1080 2570 1218 2650 primum
1247 2568 1369 2646 Rubor,

225 2673 294 2737 dein
326 2674 452 2739 Simeon
483 2678 515 2739 et
537 2676 616 2739 Leni
646 2676 742 2739 simul
771 2676 947 2750 adiunctos,
978 2675 1024 2738 ita
1046 2678 1083 2738 ut
1109 2676 1174 2739 ista
1201 2675 1413 2756 utriusquae

224 2781 384 2862 copulatio
426 2781 538 2845 horum
576 2782 718 2863 lapidum
757 2781 981 2865 congruentiae
1018 2782 1166 2845 uideatur
1202 2781 1368 2847 obsistere.

223 2886 358 2968 ideoque
382 2888 476 2952 istam
501 2906 627 2971 quoque
652 2888 855 2965 sustulimus,
880 2908 953 2952 cum
971 2888 1132 2971 lapidibus
1151 2888 1225 2951 istis
1245 2888 1370 2953 adcom-

223 2994 344 3057 modari
367 2995 498 3058 minime
521 2996 635 3077 possit.

171 3100 212 3163 75
267 3100 463 3183 Inspeximus
497 3106 604 3165 antem
637 3104 670 3165 et
703 3100 847 3184 quintam
881 3100 1081 3175 diuisionem,
1115 3119 1195 3182 quae
1229 3101 1371 3165 continet

220 3207 348 3271 initium
372 3208 562 3291 egressionis
586 3208 722 3273 filiorum
747 3208 868 3272 Israhel
892 3228 928 3271 er
949 3207 1107 3290 Aegypto,
1131 3210 1163 3271 et
1185 3207 1368 3272 inuenimus
1384 3228 1410 3269 aa

223 3333 291 3378 eam
320 3318 561 3397 praeponentem
589 3315 761 3379 liberarum
791 3314 875 3378 filios
905 3317 938 3379 et
966 3314 1151 3377 ancillarum
1173 3314 1262 3377 iuxta
1284 3333 1370 3379 com-

221 3421 389 3502 positionis
432 3422 572 3485 ordinem
616 3425 845 3505 supponentem
892 3420 1127 3501 facientemque
1172 3421 1369 3485 nouissimos

226 3527 385 3610 <primos>
420 3526 604 3609 'primosque
634 3528 839 3600 nouissimos,
868 3530 901 3589 et
929 3527 967 3590 ob
992 3528 1063 3603 hoc,
1088 3526 1172 3608 quod
1196 3527 1312 3609 loseph
1336 3528 1367 3591 in

220 3634 365 3716 Aegypto
391 3635 585 3698 constitutus
605 3637 787 3715 postremus
806 3633 987 3697 nominatus
1006 3638 1065 3710 est,
1086 3633 1368 3697 animaduertimus

220 3740 336 3803 ‘iterum
359 3760 421 3803 non
444 3760 538 3823 posse
558 3740 680 3822 lapides
699 3741 780 3804 istos
799 3744 1046 3804 memoratarum
1065 3740 1206 3804 tribuum
1227 3739 1367 3821 coaptari
1382 3766 1409 3807 so

169 3846 419 3911 ibnominibus:
454 3849 486 3911 et
518 3848 602 3929 quod
636 3848 823 3911 naturaliter
855 3847 1030 3929 onychinus
1063 3846 1145 3928 lapis
1173 3845 1205 3909 in
1232 3864 1367 3927 persona

257 4107 273 4159 5
289 4104 315 4157 in
331 4120 381 4157 om.
398 4104 484 4174 Fopp.
521 4106 694 4175 9propterea
713 4105 777 4174 quia
795 4104 883 4174 Fopp.
920 4106 955 4157 24
975 4106 1115 4159 continent
1138 4106 1169 4168 V,
1189 4122 1258 4159 corr¹
1275 4106 1360 4173 Pupp.

220 4194 254 4247 26
278 4208 315 4261 sq.
340 4194 525 4247 liberarum..
541 4197 735 4264 supponentem
761 4193 793 4245 in
815 4199 891 4247 tectu
914 4195 1016 4247 omissa
1038 4195 1069 4247 in
1091 4195 1216 4263 marpissa
1233 4194 1363 4261 iusseriore

219 4282 357 4349 suppleuit
382 4281 496 4335 Vmon.
515 4287 530 4335 1
637 4282 671 4335 28
690 4282 791 4351 primos
809 4282 928 4335 inserui:
953 4282 1108 4351 primosque
1128 4282 1288 4336 nouissimos
1312 4298 1361 4336 orn.

219 4371 306 4439 Fopp.
