3025 4975
541 416 628 487 Epist.
648 416 783 472 CXXXIX
799 417 881 471 2-9.
1223 416 1286 480 567

154 612 272 689 uerunt;
296 612 378 678 alios
402 632 490 690 uero,
510 612 564 695 qui
587 614 761 695 potuerunt
784 612 824 676 ad
846 612 978 677 colenda
1001 612 1112 677 altaria
1133 610 1289 694 refugere,

153 716 259 783 ibidem
291 723 496 805 peremerunt
529 722 561 784 ct
592 719 786 785 monasteria
816 719 1035 796 incenderunt,
1071 738 1128 802 per
1163 722 1289 783 noctem

154 822 353 893 immittentes
367 826 607 892 multitudinem
622 826 838 909 inquietorum
857 826 1023 891 bominum
1040 824 1289 909 redemptorum-

155 948 206 1012 que
231 952 356 999 onmem
385 936 603 1017 paupertatem
629 933 880 999 ecclesiasticam
908 932 1092 997 huiusmodi
1115 951 1172 1015 per
1193 931 1290 1014 pesti·

129 1058 139 1097 1
154 1034 226 1103 ieros
239 1038 385 1105 homines
398 1042 632 1105 consumentes.
679 1039 718 1103 ad
738 1039 865 1121 singula
883 1041 990 1103 autem
1009 1038 1131 1103 delatae
1149 1040 1290 1104 uestram
1313 1032 1335 1095 6

153 1142 372 1212 beatitudinem
386 1146 545 1211 instruent
558 1146 684 1211 chartae
704 1165 723 1210 a
738 1145 973 1210 uenerabilibus
986 1145 1138 1210 fratribus
1151 1145 1290 1209 Iohanne

155 1255 182 1314 et
193 1251 311 1339 Sergio,
326 1272 405 1337 qnos
420 1252 609 1317 miseramus
627 1251 936 1333 Constantinopolim
951 1255 1100 1335 putantes
1113 1252 1290 1317 uindictam

154 1354 270 1424 deride
295 1361 357 1435 his,
383 1378 463 1443 quae
488 1358 662 1425 commissa
685 1360 770 1422 sunt.
796 1358 854 1423 sed
872 1376 926 1422 eos
945 1377 1003 1423 nec
1021 1359 1120 1423 uerbo
1139 1358 1289 1443 dignatus

156 1470 197 1525 est
217 1467 271 1530 sed
297 1466 393 1531 etiam
419 1484 492 1531 cum
516 1466 628 1549 grandi
652 1465 845 1531 contumelia
864 1465 985 1549 expulit
1003 1465 1215 1540 comminatus
1233 1465 1291 1543 eis,

125 1594 143 1631 11
155 1572 200 1652 qui
221 1574 285 1638 ista
307 1574 514 1657 porrigerent.
552 1572 635 1637 unde
664 1572 738 1637 hinc
767 1575 816 1637 est
838 1590 895 1636 nos
918 1572 972 1636 uel
995 1591 1065 1637 sero
1090 1590 1290 1655 cognoscere,

155 1680 290 1759 quoniam
320 1670 389 1744 tota
416 1679 558 1762 prauitas
587 1682 620 1743 et
647 1678 781 1743 audacia
806 1680 919 1744 talium
952 1679 1109 1743 malorum
1137 1679 1291 1743 aduersus

154 1786 293 1851 ecclesias
317 1787 404 1851 facta
425 1787 527 1869 ipsius
551 1785 751 1852 immissione
775 1786 954 1867 composita
976 1789 1035 1851 est.
1085 1780 1334 1869 deprecamur?

153 1908 226 1975 ergo,
256 1892 445 1971 beatissimi,
475 1892 691 1976 supplicantes
717 1896 749 1958 et
771 1897 931 1979 rogantes,
955 1896 994 1957 ut
1016 1893 1194 1977 exsurgatis
1217 1911 1291 1957 curn

152 1996 264 2065 femore
290 2001 413 2065 etzelo
439 2003 471 2065 ct
493 2000 689 2065 condoleatis
712 2001 797 2065 iuste
820 2020 876 2083 pro
901 2018 1030 2083 corpora
1056 2000 1174 2065 laniato
1202 1998 1290 2085 (nam

120 2126 138 2167 u
154 2110 239 2187 caput
263 2107 341 2172 estis
366 2106 520 2191 omnium)
545 2110 578 2172 et
600 2107 770 2172 uindicatis
792 2106 888 2171 fidem
912 2111 1136 2190 contemptam,
1155 2126 1290 2173 canones

152 2215 356 2291 conculcatos,
383 2216 490 2297 patres
518 2213 759 2297 blasphematos
788 2214 946 2278 attalem
973 2214 1129 2298 synodum
1162 2215 1290 2279 anathe-

151 2323 224 2385 mate
238 2320 430 2404 impetitam.
446 2320 539 2386 uobis
555 2340 573 2384 a
587 2321 645 2385 deo
662 2322 735 2385 data
750 2324 799 2385 est
809 2324 955 2403 potestas
965 2325 997 2385 et
1007 2321 1180 2386 auctoritas
1191 2322 1290 2405 ligare
1316 2322 1336 2385 8

152 2429 179 2488 et
199 2428 332 2493 soluere.
362 2446 432 2493 non
457 2446 551 2511 opus
572 2427 719 2503 habent,
741 2428 804 2510 qui
828 2427 910 2492 sani
933 2430 1030 2502 sunt,
1054 2427 1199 2493 medico
1225 2428 1289 2493 sed

150 2536 235 2599 male
253 2535 448 2600 habentos.
465 2534 633 2620 exsurgite,
642 2538 748 2617 patres
763 2535 876 2613 sancti,
887 2535 1052 2599 uenientes
1067 2535 1107 2598 ad
1117 2536 1288 2600 saluandos

119 2645 213 2706 eonon!
251 2641 431 2706 imitatores
465 2645 578 2708 estote,
601 2641 719 2710 domini
751 2641 880 2719 Christi,
914 2642 969 2725 qui
1001 2642 1039 2706 de
1068 2641 1164 2707 caelis
1193 2661 1290 2724 super

151 2747 257 2812 terram
284 2748 417 2813 aduenit
444 2767 592 2831 quaerere
621 2751 776 2812 errantem
805 2768 908 2824 ouem,
936 2748 1067 2813 Petrum
1090 2749 1184 2814 illum
1207 2750 1288 2833 prin·

151 2853 242 2935 cipem
271 2854 500 2936 apostolorum,
531 2855 622 2920 cuius
648 2857 755 2920 sedem
781 2857 911 2932 ornatis,
935 2859 968 2920 et
989 2857 1136 2934 Paulum,
1162 2857 1216 2939 qui
1240 2859 1290 2921 est

151 2977 200 3024 uas
214 2963 389 3040 electionis,
406 2964 460 3046 qui
475 2963 709 3029 circumeuntes
725 2963 833 3029 orbem
847 2968 1000 3028 terramm
1014 2964 1288 3028 illuminauerunt.

152 3083 213 3130 num
226 3069 359 3133 uulnera
371 3088 487 3153 magna
501 3071 674 3135 maioribus
693 3071 839 3154 indigent
856 3069 1059 3134 adiumentis.
1082 3069 1289 3134 mercennarii
1312 3073 1332 3134 9

116 3200 138 3238 e
153 3179 281 3253 pastores
310 3176 458 3242 uidentes
486 3177 580 3260 lupos
609 3178 814 3242 aduenientes
843 3177 996 3242 aduersus
1025 3194 1102 3240 oues
1126 3176 1289 3241 dimittent

153 3297 196 3344 aas
218 3282 364 3366 dissipari
390 3282 528 3360 abillis,
556 3282 650 3348 uobis
680 3288 786 3349 autem
810 3283 895 3348 ueris
919 3281 1101 3366 pastoribus
1126 3286 1157 3346 et
1180 3281 1287 3346 docto-

152 3385 239 3466 ribus,
262 3389 379 3472 quibus
409 3408 484 3455 cura
510 3410 566 3473 pro
596 3390 700 3456 saluta
729 3391 839 3455 ouium
866 3391 1038 3456 commissa
1065 3391 1125 3466 est,
1150 3389 1288 3454 occurrit

232 3595 434 3652 1711111111.
455 3597 496 3660 16,
518 3599 551 3652 19
623 3597 654 3650 18
673 3597 773 3652 Matth.
794 3599 819 3661 9,
840 3599 873 3651 12
939 3597 975 3650 24
994 3613 1034 3666 sq.
1056 3595 1088 3650 cf.
1107 3595 1166 3650 Ioh.
1188 3595 1230 3660 10,
1251 3597 1285 3652 12

184 3719 353 3774 lslteriaV
406 3721 607 3790 2perimerunt
630 3721 657 3772 V
721 3721 923 3776 3immitentes
948 3720 974 3773 V
1024 3719 1218 3774 lhuiusroodi
1237 3737 1286 3790 per

154 3806 264 3862 estileros
283 3809 313 3872 V,
333 3809 543 3878 conexa<per>
556 3809 711 3863 huiusmodi
731 3810 875 3880 pestiferos
892 3809 971 3863 Tbiel
1025 3811 1042 3862 b
1062 3809 1146 3863 dilate
1167 3808 1196 3872 V,
1215 3824 1285 3862 corr.

156 3891 224 3949 Coc:
241 3897 347 3952 delatae
369 3897 435 3952 <ad>
455 3899 525 3954 Bar.
590 3900 667 3954 8his
688 3899 767 3954 Can:
785 3898 857 3952 isV
917 3900 996 3952 9est
1018 3897 1286 3967 ·<imperetor>Bar.‚

152 3982 193 4036 sed
207 3987 330 4041 monachi
346 3989 467 4055 sortasse
479 3988 603 4042 consulto
617 3988 707 4055 paulo
722 3988 866 4042 obscurius
880 3989 1029 4055 loquuntur
1044 3987 1089 4054 (cs.
1104 3986 1143 4040 ad
1159 3988 1284 4052 56112)

155 4069 180 4123 11
195 4071 300 4128 audaciu
314 4075 346 4140 V,
362 4091 423 4129 corr
446 4073 472 4144 p²
509 4076 543 4129 15
563 4075 650 4145 capud
667 4075 688 4125 V
742 4081 784 4128 est
797 4077 821 4128 is
836 4075 866 4141 V,
881 4091 949 4129 com.
969 4075 1033 4128 Gar.
1073 4074 1106 4128 18
1121 4073 1239 4128 medicos
1254 4074 1285 4138 V,

154 4173 212 4214 101*-
226 4161 251 4212 ⁰²
320 4165 355 4219 20
379 4164 559 4218 immitatores
587 4165 614 4217 V
670 4166 702 4219 21
728 4165 806 4218 illum
833 4164 990 4235 <respicita>
1015 4163 1095 4228 Bar,
1120 4169 1150 4216 at
1167 4165 1286 4230 sortasse

154 4243 267 4304 babemus
286 4253 496 4308 anacetutba'am
518 4253 656 4323 pergentis
675 4253 757 4322 quasi
774 4253 968 4322 praecessisset
985 4253 1131 4306 imitamini
1203 4253 1285 4321 prici-

154 4339 254 4400 pemV
303 4342 337 4397 25
358 4339 502 4394 dimittunt
519 4341 582 4395 Car.
638 4343 672 4395 27
693 4348 759 4396 ante
778 4342 869 4395 ouium
889 4341 939 4398 det.
960 4342 1079 4394 omnium
1099 4341 1125 4394 V
1139 4345 1249 4396 mam
