3025 4975
219 453 283 518 784
694 451 865 522 Appendices

220 667 293 712 cum
322 646 383 724 his,
413 646 467 730 qui
496 649 652 730 pollutam
681 649 801 713 habent
829 648 1084 713 communionem
1114 647 1370 730 permixtamque

166 750 206 814 31
220 773 291 818 cum
311 753 450 836 perfidis,
470 755 604 820 miscere
621 755 801 820 concilium.
816 759 901 820 recte
917 754 1016 839 igitur
1030 773 1086 835 per
1100 753 1367 820 Calchedoueusis

220 861 332 946 synodi
363 862 497 926 formam
530 861 715 926 huiusmodi
746 862 977 944 praeuaricatio
1010 861 1139 944 repulsa
1173 864 1223 924 est
1257 861 1368 942 potius

219 987 314 1050 quam
337 967 376 1031 ad
396 967 576 1043 concilium,
597 953 682 1049 quod
700 989 757 1034 nec
778 985 857 1053 opus
877 971 945 1033 erat
962 971 1038 1051 post
1056 968 1189 1050 primam
1210 966 1367 1050 synodum

218 1093 277 1140 nec
305 1093 378 1139 curn
405 1075 526 1140 talibus
554 1075 663 1140 haberi
690 1075 819 1152 licebat,
846 1074 1006 1147 <adducta
1033 1078 1110 1145 est).
1139 1094 1212 1139 narn
1236 1073 1370 1156 etquid
1400 1097 1415 1136 s

220 1185 366 1266 ageretur
389 1181 426 1246 de
451 1181 512 1246 fide
537 1181 702 1258 catholica,
727 1183 912 1267 intellegere
937 1183 964 1248 si
987 1182 1118 1258 uellent,
1141 1181 1287 1266 ignorare
1306 1199 1368 1244 non

218 1291 375 1372 poterant,
414 1307 486 1353 cum
523 1289 670 1353 uiderent
707 1289 882 1353 catholicos
920 1289 1088 1372 pontifices
1125 1289 1215 1352 nulla
1255 1287 1370 1370 synodi

220 1395 430 1474 discussione,
459 1396 547 1460 nullo
576 1395 720 1472 concilio,
744 1396 914 1478 praecipue
939 1415 1011 1460 cum
1036 1415 1134 1461 nouas
1159 1413 1272 1460 causas
1297 1413 1371 1459 esse

220 1502 459 1585 perpenderent,
489 1505 557 1568 toto
587 1501 714 1566 Oriente
744 1502 861 1584 depelli
885 1505 918 1566 ot
941 1501 1037 1566 ceteri
1061 1501 1137 1584 quid
1162 1505 1310 1567 canerent
1334 1519 1371 1564 ex

168 1607 347 1676 suillorum
377 1609 498 1674 discere
528 1609 683 1691 qualitate
711 1610 901 1691 potuissent.
935 1611 1036 1673 restat
1067 1609 1177 1693 igitur,
1210 1611 1248 1672 ut
1278 1607 1371 1672 illius
1391 1633 1420 1671 m

220 1718 320 1800 partis
354 1737 408 1784 eos
442 1718 543 1782 fuisse
576 1718 620 1782 sit
652 1718 783 1794 clarum,
818 1717 870 1782 cui
903 1736 938 1781 se
968 1721 1044 1799 post
1074 1719 1125 1781 tot
1156 1716 1373 1799 experimenta

221 1823 386 1902 dederunt,
415 1824 592 1906 meritoque
621 1824 659 1887 ab
689 1823 865 1906 apostolica
893 1824 967 1888 sede
997 1825 1173 1905 ceterisque
1202 1822 1373 1887 catholicis

221 1950 282 1995 non
306 1931 369 1994 iarn
393 1930 582 1998 consulendi
606 1933 695 1995 erant
718 1931 827 2014 potius
852 1930 907 1995 sed
931 1930 1071 1995 notandi.

168 2033 211 2098 33
265 2039 407 2103 Risimus
421 2041 538 2115 autem,
555 2038 640 2120 quod
655 2037 908 2121 praerogatiuam
924 2037 1039 2101 uolunt
1051 2036 1168 2102 Acacio
1184 2036 1373 2118 comparari,

221 2145 296 2228 quia
324 2145 491 2228 episcopus
521 2144 618 2208 inerit
644 2144 749 2228 regiae
779 2144 932 2208 ciuitatis.
966 2143 1121 2225 numquid
1154 2142 1237 2224 apud
1268 2141 1422 2206 Medi-1⁵

221 2251 359 2326 olanum,
385 2251 468 2334 apud
488 2251 681 2328 Rauennam,
702 2249 786 2333 apud
806 2249 968 2328 Sirmium,
989 2250 1073 2334 apud
1092 2251 1239 2314 Triueros
1258 2249 1374 2312 multis

220 2359 418 2441 temporibus
461 2377 522 2422 non
564 2357 710 2422 constitit
750 2357 944 2439 imperator?
986 2356 1216 2438 numquidnam
1256 2356 1374 2419 barum

221 2465 348 2530 urbium
364 2463 543 2529 sacerdotes
559 2465 644 2529 ultra
656 2483 837 2529 mensuram
853 2462 983 2528 sibimet
997 2463 1173 2546 antiquitus
1184 2462 1374 2547 deputatam

223 2572 384 2656 quippiam
414 2572 481 2635 suis
506 2572 717 2655 dignitatibus
741 2574 959 2653 usurparunt?
982 2570 1137 2652 numquid
1160 2570 1309 2644 Aeacius,
1334 2576 1376 2635 ut

222 2679 393 2743 Iohannem
410 2678 618 2761 qualemlibet
636 2678 807 2755 hominem,
828 2678 1021 2742 catholicum
1040 2681 1146 2741 tamen
1167 2697 1185 2741 a
1204 2676 1375 2741 catholicis
1393 2702 1423 2742 ro

223 2784 414 2863 ordinatum,
447 2774 485 2848 de
518 2784 706 2849 Alexandria
738 2784 919 2849 excluderet
951 2785 1145 2866 Petrumque
1177 2784 1208 2847 in
1247 2783 1375 2847 haeresi

221 2892 285 2955 iam
323 2889 483 2955 detectum
521 2896 615 2973 atque
657 2891 843 2955 damnatum
884 2891 1005 2972 absque
1047 2890 1132 2955 sedis
1175 2890 1374 2973 apostolicae

224 2998 456 3062 consultatione
485 2998 649 3080 reciperet,
679 2999 787 3079 aliqua
810 2999 930 3082 synodo
956 2998 1062 3062 saltim
1086 2998 1154 3062 illic
1177 2997 1288 3061 habita
1310 2996 1374 3061 hoc

223 3104 372 3169 audacter
405 3104 560 3187 arripuit?
591 3108 629 3169 ut
660 3105 890 3170 Kalendionem
925 3105 963 3169 de
995 3105 1165 3169 Antiochia
1199 3104 1376 3187 depelleret

223 3210 481 3292 haereticumque
504 3210 647 3289 Petrum,
671 3230 766 3292 quem
788 3210 858 3292 ipse
883 3210 1098 3287 damnauerat,
1118 3210 1238 3292 absque
1257 3208 1376 3273 notitia
1393 3238 1423 3277 aa

224 3318 309 3383 sedis
340 3317 535 3400 apostolicae
563 3336 675 3382 rursus
704 3317 897 3395 admitteret,
926 3318 1033 3399 aliqua
1056 3316 1175 3401 synodo
1198 3316 1233 3381 id
1254 3316 1375 3381 iecisse

258 3564 275 3617 2
294 3568 383 3616 rectae
403 3561 435 3630 βδ
480 3562 497 3615 3
515 3562 717 3632 praeuaricator
736 3561 829 3631 epulsa
850 3560 874 3629 β,
893 3560 1110 3631 praeuaricatore
1128 3560 1207 3630 pulsa
1226 3558 1240 3611 δ
1286 3562 1303 3613 5
1322 3558 1374 3611 ha·

222 3650 315 3706 berei
394 3651 511 3705 adducta
532 3655 573 3706 ast
592 3646 626 3705 u:
646 3651 737 3705 onah=
828 3652 1039 3720 tintellegeret
1057 3649 1088 3719 βδ
1180 3648 1376 3702 ‘luideranti

223 3740 420 3810 8praecipuae
441 3738 516 3809 3q¹q³
571 3741 601 3793 ll
622 3739 759 3809 partesQ
829 3736 1146 3793 fuisse<herescos>i²T
1164 3738 1217 3806 (A)
1282 3736 1319 3789 12
1338 3734 1375 3788 ab

223 3845 274 3883 om.
293 3829 334 3882 ir
415 3828 447 3881 14
466 3828 574 3880 risimus
592 3844 677 3897 usquc
697 3828 736 3881 ad
755 3828 788 3881 19
808 3844 937 3896 usurpare
957 3828 1022 3894 (sic)
1040 3843 1090 3880 aec
1107 3842 1166 3880 non
1178 3843 1209 3895 p.
1231 3825 1293 3888 785,
1314 3826 1327 3877 1
1350 3824 1376 3876 si

224 3920 296 3971 certe
316 3916 348 3970 de
366 3932 451 3986 usquc
471 3916 509 3971 ad
536 3918 568 3970 12
594 3934 747 3971 mensuram
775 3918 867 3985 adfert
891 3916 1052 3981 Deuadedit,
1078 3916 1095 3969 1.
1122 3932 1144 3969 c.
1170 3915 1228 3969 ΠΙ
1252 3918 1291 3968 42
1316 3912 1374 3981 (cd.

222 4005 396 4061 Martiarucci
409 4022 439 4073 p.
461 4008 533 4072 366)
625 4007 658 4059 15
678 4006 724 4075 qui
743 4006 784 4059 iT
873 4007 907 4059 16
926 4006 1054 4075 syrmium
1076 4002 1173 4075 quaec
1254 4004 1375 4057 triberos

224 4093 360 4165 υβδρΨΤ.
379 4094 496 4149 triberus
515 4092 539 4147 il
594 4096 626 4147 17
646 4096 794 4164 imperator
810 4097 842 4150 ia
859 4094 1066 4165 asergadda
1138 4093 1272 4164 numquid
1291 4093 1326 4147 ad
1351 4090 1379 4143 T

225 4183 258 4237 18
278 4186 364 4237 semet
381 4182 435 4237 i³1¹
505 4182 695 4253 deputatumi
751 4185 787 4237 19
804 4182 912 4251 aciusli
974 4184 1007 4238 21
1028 4182 1202 4237 alexandrina
1219 4182 1274 4237 2³1*
1343 4184 1374 4236 in

223 4288 274 4327 om.
294 4272 322 4340 q¹
394 4272 488 4325 herese
508 4271 530 4337 δ,
550 4274 665 4327 heresim
683 4273 725 4326 i'l'
777 4274 812 4327 22
831 4274 978 4342 apostolice
996 4272 1069 4327 sedis
1087 4272 1189 4341 crept
1252 4273 1289 4326 23
1308 4288 1376 4326 con·

223 4361 356 4415 solatione
375 4358 441 4429 q¹q²,
461 4362 659 4417 consultatione
678 4380 692 4413 u
737 4363 938 4417 autenticum
958 4368 1020 4429 (our.
1040 4365 1104 4431 que)
1125 4360 1156 4432 βδ
1210 4362 1339 4417 notitiam
1360 4360 1377 4412 d
