<?xml version="1.0" encoding="UTF-8"?>
<!DOCTYPE html PUBLIC "-//W3C//DTD XHTML 1.0 Transitional//EN"
    "http://www.w3.org/TR/xhtml1/DTD/xhtml1-transitional.dtd">
<html xmlns="http://www.w3.org/1999/xhtml" xml:lang="en" lang="en">
 <head>
  <title>
</title>
<meta http-equiv="Content-Type" content="text/html;charset=utf-8" />
  <meta name='ocr-system' content='tesseract 3.04.00' />
  <meta name='ocr-capabilities' content='ocr_page ocr_carea ocr_par ocr_line ocrx_word'/>
</head>
<body>
  <div class='ocr_page' id='page_1' title='image "./corpusscriptoru02wiengoog_0060.png"; bbox 0 0 3025 4975; ppageno 0'>
   <div class='ocr_carea' id='block_1_1' title="bbox 184 422 978 493">
    <p class='ocr_par' dir='ltr' id='par_1_1' title="bbox 184 422 978 493">
     <span class='ocr_line' id='line_1_1' title="bbox 184 422 978 493; baseline -0.013 -9"><span class='ocrx_word' id='word_1_1' title='bbox 184 428 247 491; x_wconf 77' lang='grc'>540</span> <span class='ocrx_word' id='word_1_2' title='bbox 525 422 671 477; x_wconf 85' lang='lat' dir='ltr'>Hormisda</span> <span class='ocrx_word' id='word_1_3' title='bbox 689 422 834 476; x_wconf 75' lang='lat' dir='ltr'>Anastasio</span> <span class='ocrx_word' id='word_1_4' title='bbox 853 422 978 493; x_wconf 80' lang='lat' dir='ltr'>Augusto</span> 
     </span>
    </p>
   </div>
   <div class='ocr_carea' id='block_1_2' title="bbox 131 617 1496 1854">
    <p class='ocr_par' dir='ltr' id='par_1_2' title="bbox 131 617 1378 1130">
     <span class='ocr_line' id='line_1_2' title="bbox 131 617 1330 704; baseline 0.003 -25"><span class='ocrx_word' id='word_1_5' title='bbox 131 617 357 704; x_wconf 84' lang='lat' dir='ltr'>l2euangeliis</span> <span class='ocrx_word' id='word_1_6' title='bbox 382 619 500 685; x_wconf 87' lang='lat' dir='ltr'>sanctis</span> <span class='ocrx_word' id='word_1_7' title='bbox 526 621 558 683; x_wconf 92' lang='lat' dir='ltr'>et</span> <span class='ocrx_word' id='word_1_8' title='bbox 581 618 726 684; x_wconf 85' lang='lat' dir='ltr'>ecelesiis</span> <span class='ocrx_word' id='word_1_9' title='bbox 754 620 868 683; x_wconf 91' lang='lat' dir='ltr'>uolunt</span> <span class='ocrx_word' id='word_1_10' title='bbox 895 637 965 684; x_wconf 87' lang='lat' dir='ltr'>esse</span> <span class='ocrx_word' id='word_1_11' title='bbox 994 618 1194 685; x_wconf 85' lang='lat' dir='ltr'>discordiam.</span> <span class='ocrx_word' id='word_1_12' title='bbox 1253 638 1330 703; x_wconf 88' lang='lat' dir='ltr'>ergo</span> 
     </span>
     <span class='ocr_line' id='line_1_3' title="bbox 183 724 1330 811; baseline -0.002 -21"><span class='ocrx_word' id='word_1_13' title='bbox 183 730 221 790; x_wconf 91' lang='lat' dir='ltr'>ut</span> <span class='ocrx_word' id='word_1_14' title='bbox 244 727 287 791; x_wconf 90' lang='lat' dir='ltr'>sit</span> <span class='ocrx_word' id='word_1_15' title='bbox 304 728 431 811; x_wconf 90' lang='lat' dir='ltr'>placens</span> <span class='ocrx_word' id='word_1_16' title='bbox 452 744 606 809; x_wconf 79' lang='lat' dir='ltr'>supernae</span> <span class='ocrx_word' id='word_1_17' title='bbox 624 726 786 790; x_wconf 88' lang='lat' dir='ltr'>maiestati</span> <span class='ocrx_word' id='word_1_18' title='bbox 804 726 1010 790; x_wconf 89' lang='lat' dir='ltr'>ecclesiarum</span> <span class='ocrx_word' id='word_1_19' title='bbox 1027 726 1134 790; x_wconf 90' lang='lat' dir='ltr'>unitas</span> <span class='ocrx_word' id='word_1_20' title='bbox 1153 724 1330 809; x_wconf 83' lang='lat' dir='ltr'>prouidete,</span> 
     </span>
     <span class='ocr_line' id='line_1_4' title="bbox 184 831 1332 916; baseline -0.003 -19"><span class='ocrx_word' id='word_1_21' title='bbox 184 833 259 915; x_wconf 91' lang='lat' dir='ltr'>quia</span> <span class='ocrx_word' id='word_1_22' title='bbox 286 833 341 915; x_wconf 86' lang='lat' dir='ltr'>qui</span> <span class='ocrx_word' id='word_1_23' title='bbox 369 832 460 897; x_wconf 91' lang='lat' dir='ltr'>nobis</span> <span class='ocrx_word' id='word_1_24' title='bbox 487 832 520 896; x_wconf 95' lang='lat' dir='ltr'>in</span> <span class='ocrx_word' id='word_1_25' title='bbox 550 832 611 910; x_wconf 87' lang='lat' dir='ltr'>bis,</span> <span class='ocrx_word' id='word_1_26' title='bbox 641 850 721 915; x_wconf 89' lang='lat' dir='ltr'>quae</span> <span class='ocrx_word' id='word_1_27' title='bbox 749 831 883 913; x_wconf 84' lang='lat' dir='ltr'>praefati</span> <span class='ocrx_word' id='word_1_28' title='bbox 915 851 1037 909; x_wconf 82' lang='lat' dir='ltr'>sumus,</span> <span class='ocrx_word' id='word_1_29' title='bbox 1071 831 1209 910; x_wconf 87' lang='lat' dir='ltr'>obsistit,</span> <span class='ocrx_word' id='word_1_30' title='bbox 1240 832 1332 916; x_wconf 88' lang='lat' dir='ltr'>igno-</span> 
     </span>
     <span class='ocr_line' id='line_1_5' title="bbox 183 938 1332 1021; baseline -0.003 -17"><span class='ocrx_word' id='word_1_31' title='bbox 183 958 291 1004; x_wconf 81' lang='lat' dir='ltr'>ramus</span> <span class='ocrx_word' id='word_1_32' title='bbox 316 940 343 1005; x_wconf 91' lang='lat' dir='ltr'>si</span> <span class='ocrx_word' id='word_1_33' title='bbox 367 940 446 1003; x_wconf 88' lang='lat' dir='ltr'>bene</span> <span class='ocrx_word' id='word_1_34' title='bbox 470 958 527 1003; x_wconf 90' lang='lat' dir='ltr'>nos</span> <span class='ocrx_word' id='word_1_35' title='bbox 548 938 662 1021; x_wconf 86' lang='lat' dir='ltr'>arguit.</span> <span class='ocrx_word' id='word_1_36' title='bbox 686 956 742 1021; x_wconf 91' lang='lat' dir='ltr'>per</span> <span class='ocrx_word' id='word_1_37' title='bbox 761 938 867 1002; x_wconf 90' lang='lat' dir='ltr'>omnia</span> <span class='ocrx_word' id='word_1_38' title='bbox 884 942 990 1003; x_wconf 88' lang='lat' dir='ltr'>tamen</span> <span class='ocrx_word' id='word_1_39' title='bbox 1009 940 1186 1003; x_wconf 88' lang='lat' dir='ltr'>uoluntatis</span> <span class='ocrx_word' id='word_1_40' title='bbox 1205 942 1332 1004; x_wconf 89' lang='lat' dir='ltr'>nostrae</span> 
     </span>
     <span class='ocr_line' id='line_1_6' title="bbox 185 1045 1378 1130; baseline -0.007 -19"><span class='ocrx_word' id='word_1_41' title='bbox 185 1048 356 1129; x_wconf 84' lang='lat' dir='ltr'>puritatem</span> <span class='ocrx_word' id='word_1_42' title='bbox 375 1046 552 1125; x_wconf 85' lang='lat' dir='ltr'>legatorum</span> <span class='ocrx_word' id='word_1_43' title='bbox 572 1047 751 1109; x_wconf 89' lang='lat' dir='ltr'>uestrorum</span> <span class='ocrx_word' id='word_1_44' title='bbox 771 1045 918 1126; x_wconf 86' lang='lat' dir='ltr'>poteritis</span> <span class='ocrx_word' id='word_1_45' title='bbox 938 1047 1116 1111; x_wconf 77' lang='lat' dir='ltr'><strong>narratione</strong></span> <span class='ocrx_word' id='word_1_46' title='bbox 1131 1064 1332 1130; x_wconf 76' lang='lat' dir='ltr'>cognoscere.</span> <span class='ocrx_word' id='word_1_47' title='bbox 1365 1062 1378 1103; x_wconf 78' lang='lat' dir='ltr'>a</span> 
     </span>
    </p>

    <p class='ocr_par' dir='ltr' id='par_1_3' title="bbox 134 1150 1496 1854">
     <span class='ocr_line' id='line_1_7' title="bbox 134 1150 1332 1237; baseline -0.001 -22"><span class='ocrx_word' id='word_1_48' title='bbox 134 1151 323 1237; x_wconf 87' lang='lat' dir='ltr'>13petimns</span> <span class='ocrx_word' id='word_1_49' title='bbox 344 1153 460 1228; x_wconf 83' lang='lat' dir='ltr'>autem,</span> <span class='ocrx_word' id='word_1_50' title='bbox 479 1154 517 1215; x_wconf 87' lang='lat' dir='ltr'>ut</span> <span class='ocrx_word' id='word_1_51' title='bbox 534 1168 590 1233; x_wconf 94' lang='lat' dir='ltr'>pro</span> <span class='ocrx_word' id='word_1_52' title='bbox 609 1150 701 1215; x_wconf 92' lang='lat' dir='ltr'>nobis</span> <span class='ocrx_word' id='word_1_53' title='bbox 721 1152 919 1233; x_wconf 88' lang='lat' dir='ltr'>apostolatus</span> <span class='ocrx_word' id='word_1_54' title='bbox 937 1155 1045 1216; x_wconf 89' lang='lat' dir='ltr'>uester</span> <span class='ocrx_word' id='word_1_55' title='bbox 1063 1171 1150 1217; x_wconf 90' lang='lat' dir='ltr'>orare</span> <span class='ocrx_word' id='word_1_56' title='bbox 1169 1152 1332 1235; x_wconf 78' lang='lat' dir='ltr'>dignetur:</span> 
     </span>
     <span class='ocr_line' id='line_1_8' title="bbox 187 1257 1333 1341; baseline -0.003 -18"><span class='ocrx_word' id='word_1_57' title='bbox 187 1258 271 1341; x_wconf 88' lang='lat' dir='ltr'>quod</span> <span class='ocrx_word' id='word_1_58' title='bbox 300 1276 358 1322; x_wconf 92' lang='lat' dir='ltr'>uos</span> <span class='ocrx_word' id='word_1_59' title='bbox 381 1258 494 1321; x_wconf 80' lang='lat' dir='ltr'>libenti</span> <span class='ocrx_word' id='word_1_60' title='bbox 519 1257 622 1321; x_wconf 92' lang='lat' dir='ltr'>animo</span> <span class='ocrx_word' id='word_1_61' title='bbox 646 1257 750 1321; x_wconf 87' lang='lat' dir='ltr'>facere</span> <span class='ocrx_word' id='word_1_62' title='bbox 774 1257 832 1321; x_wconf 89' lang='lat' dir='ltr'>hac</span> <span class='ocrx_word' id='word_1_63' title='bbox 855 1257 1031 1339; x_wconf 83' lang='lat' dir='ltr'>poterimus</span> <span class='ocrx_word' id='word_1_64' title='bbox 1054 1258 1190 1322; x_wconf 84' lang='lat' dir='ltr'>maxime</span> <span class='ocrx_word' id='word_1_65' title='bbox 1212 1258 1333 1322; x_wconf 90' lang='lat' dir='ltr'>ratione</span> 
     </span>
     <span class='ocr_line' id='line_1_9' title="bbox 186 1362 1334 1449; baseline -0.003 -18"><span class='ocrx_word' id='word_1_66' title='bbox 186 1383 389 1449; x_wconf 82' lang='lat' dir='ltr'>cognoscere,</span> <span class='ocrx_word' id='word_1_67' title='bbox 415 1363 441 1427; x_wconf 92' lang='lat' dir='ltr'>si</span> <span class='ocrx_word' id='word_1_68' title='bbox 464 1364 636 1446; x_wconf 80' lang='lat' dir='ltr'>perfectam</span> <span class='ocrx_word' id='word_1_69' title='bbox 660 1362 750 1427; x_wconf 89' lang='lat' dir='ltr'>nobis</span> <span class='ocrx_word' id='word_1_70' title='bbox 775 1362 929 1427; x_wconf 89' lang='lat' dir='ltr'>unitatem</span> <span class='ocrx_word' id='word_1_71' title='bbox 953 1363 1159 1429; x_wconf 88' lang='lat' dir='ltr'>ecclesiarum</span> <span class='ocrx_word' id='word_1_72' title='bbox 1183 1364 1334 1449; x_wconf 89' lang='lat' dir='ltr'>dignatus</span> 
     </span>
     <span class='ocr_line' id='line_1_10' title="bbox 187 1467 1334 1553; baseline -0.005 -17"><span class='ocrx_word' id='word_1_73' title='bbox 187 1472 283 1537; x_wconf 84' lang='lat' dir='ltr'>fuerit</span> <span class='ocrx_word' id='word_1_74' title='bbox 307 1470 385 1537; x_wconf 89' lang='lat' dir='ltr'>deus</span> <span class='ocrx_word' id='word_1_75' title='bbox 408 1470 502 1535; x_wconf 90' lang='lat' dir='ltr'>uobis</span> <span class='ocrx_word' id='word_1_76' title='bbox 527 1470 770 1553; x_wconf 76' lang='lat' dir='ltr'>disponentibus</span> <span class='ocrx_word' id='word_1_77' title='bbox 795 1469 980 1535; x_wconf 90' lang='lat' dir='ltr'>condonare.</span> <span class='ocrx_word' id='word_1_78' title='bbox 1013 1469 1070 1533; x_wconf 91' lang='lat' dir='ltr'>illa</span> <span class='ocrx_word' id='word_1_79' title='bbox 1092 1469 1175 1533; x_wconf 91' lang='lat' dir='ltr'>enim</span> <span class='ocrx_word' id='word_1_80' title='bbox 1198 1488 1260 1534; x_wconf 84' lang='lat' dir='ltr'>uox</span> <span class='ocrx_word' id='word_1_81' title='bbox 1283 1467 1334 1532; x_wconf 92' lang='lat' dir='ltr'>dei</span> 
     </span>
     <span class='ocr_line' id='line_1_11' title="bbox 187 1575 1496 1662; baseline -0.002 -21"><span class='ocrx_word' id='word_1_82' title='bbox 187 1597 336 1662; x_wconf 89' lang='lat' dir='ltr'>magnam</span> <span class='ocrx_word' id='word_1_83' title='bbox 355 1576 606 1642; x_wconf 84' lang='lat' dir='ltr'>benedictionem</span> <span class='ocrx_word' id='word_1_84' title='bbox 625 1576 834 1660; x_wconf 86' lang='lat' dir='ltr'>diligentibus</span> <span class='ocrx_word' id='word_1_85' title='bbox 853 1595 887 1639; x_wconf 90' lang='lat' dir='ltr'>se</span> <span class='ocrx_word' id='word_1_86' title='bbox 905 1575 1070 1641; x_wconf 89' lang='lat' dir='ltr'>mandauit</span> <span class='ocrx_word' id='word_1_87' title='bbox 1082 1580 1178 1659; x_wconf 87' lang='lat' dir='ltr'>atque</span> <span class='ocrx_word' id='word_1_88' title='bbox 1193 1575 1334 1652; x_wconf 87' lang='lat' dir='ltr'>donauit,</span> <span class='ocrx_word' id='word_1_89' title='bbox 1354 1600 1382 1639; x_wconf 81' lang='lat' dir='ltr'>ro</span> <span class='ocrx_word' id='word_1_90' title='bbox 1495 1611 1496 1626; x_wconf 75' lang='lat'>.</span> 
     </span>
     <span class='ocr_line' id='line_1_12' title="bbox 189 1682 1335 1765; baseline -0.004 -17"><span class='ocrx_word' id='word_1_91' title='bbox 189 1704 252 1765; x_wconf 88' lang='lat' dir='ltr'>qua</span> <span class='ocrx_word' id='word_1_92' title='bbox 279 1683 471 1748; x_wconf 79' lang='lat' dir='ltr'>declarabit:</span> <span class='ocrx_word' id='word_1_93' title='bbox 500 1702 637 1765; x_wconf 89' lang='lat' dir='ltr'>pacem</span> <span class='ocrx_word' id='word_1_94' title='bbox 666 1701 789 1746; x_wconf 89' lang='lat' dir='ltr'>meam</span> <span class='ocrx_word' id='word_1_95' title='bbox 813 1682 859 1747; x_wconf 93' lang='lat' dir='ltr'>do</span> <span class='ocrx_word' id='word_1_96' title='bbox 883 1682 1019 1762; x_wconf 89' lang='lat' dir='ltr'>nobis,</span> <span class='ocrx_word' id='word_1_97' title='bbox 1047 1701 1183 1765; x_wconf 91' lang='lat' dir='ltr'>pacem</span> <span class='ocrx_word' id='word_1_98' title='bbox 1210 1700 1335 1747; x_wconf 89' lang='lat' dir='ltr'>meam</span> 
     </span>
     <span class='ocr_line' id='line_1_13' title="bbox 190 1787 508 1854; baseline -0.009 -1"><span class='ocrx_word' id='word_1_99' title='bbox 190 1789 354 1854; x_wconf 90' lang='lat' dir='ltr'>dimitto</span> <span class='ocrx_word' id='word_1_100' title='bbox 378 1787 508 1853; x_wconf 90' lang='lat' dir='ltr'>uobis.</span> 
     </span>
    </p>
   </div>
   <div class='ocr_carea' id='block_1_3' title="bbox 710 1978 818 2063">
    <p class='ocr_par' dir='ltr' id='par_1_4' title="bbox 710 1978 818 2063">
     <span class='ocr_line' id='line_1_14' title="bbox 710 1978 818 2063; baseline 0 -20"><span class='ocrx_word' id='word_1_101' title='bbox 710 1978 818 2063; x_wconf 79' lang='lat' dir='ltr'>(aas.)</span> 
     </span>
    </p>
   </div>
   <div class='ocr_carea' id='block_1_4' title="bbox 190 2122 1385 2510">
    <p class='ocr_par' dir='ltr' id='par_1_5' title="bbox 190 2122 1385 2510">
     <span class='ocr_line' id='line_1_15' title="bbox 234 2122 1336 2171; baseline -0.001 0"><span class='ocrx_word' id='word_1_102' title='bbox 234 2124 389 2171; x_wconf 77' lang='lat' dir='ltr'>uonmsoa</span> <span class='ocrx_word' id='word_1_103' title='bbox 411 2122 590 2169; x_wconf 78' lang='lat' dir='ltr'>nunsrnsro</span> <span class='ocrx_word' id='word_1_104' title='bbox 615 2122 767 2168; x_wconf 74' lang='lat' dir='ltr'>nocuere.</span> <span class='ocrx_word' id='word_1_105' title='bbox 804 2122 865 2167; x_wconf 87' lang='lat' dir='ltr'>ena</span> <span class='ocrx_word' id='word_1_106' title='bbox 891 2123 1053 2168; x_wconf 80' lang='lat' dir='ltr'>asuerum</span> <span class='ocrx_word' id='word_1_107' title='bbox 1075 2124 1115 2168; x_wconf 85' lang='lat' dir='ltr'>nn</span> <span class='ocrx_word' id='word_1_108' title='bbox 1138 2124 1336 2170; x_wconf 80' lang='lat' dir='ltr'>ranacarrrrrr</span> 
     </span>
     <span class='ocr_line' id='line_1_16' title="bbox 190 2210 1385 2294; baseline 0.002 -17"><span class='ocrx_word' id='word_1_109' title='bbox 190 2230 372 2277; x_wconf 83' lang='lat' dir='ltr'>nrrscoros.</span> <span class='ocrx_word' id='word_1_110' title='bbox 422 2210 552 2275; x_wconf 90' lang='lat' dir='ltr'>Dudum</span> <span class='ocrx_word' id='word_1_111' title='bbox 572 2210 687 2294; x_wconf 89' lang='lat' dir='ltr'>legatis</span> <span class='ocrx_word' id='word_1_112' title='bbox 706 2210 961 2275; x_wconf 89' lang='lat' dir='ltr'>mansuetudinis</span> <span class='ocrx_word' id='word_1_113' title='bbox 981 2214 1105 2276; x_wconf 86' lang='lat' dir='ltr'>rrestrae</span> <span class='ocrx_word' id='word_1_114' title='bbox 1121 2212 1336 2277; x_wconf 81' lang='lat' dir='ltr'>remeantibus</span> <span class='ocrx_word' id='word_1_115' title='bbox 1356 2240 1385 2279; x_wconf 74' lang='lat'>1⁵</span> 
     </span>
     <span class='ocr_line' id='line_1_17' title="bbox 192 2316 1339 2400; baseline -0.001 -16"><span class='ocrx_word' id='word_1_116' title='bbox 192 2319 231 2384; x_wconf 91' lang='lat' dir='ltr'>ad</span> <span class='ocrx_word' id='word_1_117' title='bbox 253 2319 376 2383; x_wconf 85' lang='lat' dir='ltr'>litteras</span> <span class='ocrx_word' id='word_1_118' title='bbox 400 2321 524 2383; x_wconf 87' lang='lat' dir='ltr'>uestras</span> <span class='ocrx_word' id='word_1_119' title='bbox 550 2318 582 2381; x_wconf 90' lang='lat' dir='ltr'>et</span> <span class='ocrx_word' id='word_1_120' title='bbox 604 2316 753 2381; x_wconf 88' lang='lat' dir='ltr'>mandata</span> <span class='ocrx_word' id='word_1_121' title='bbox 775 2316 933 2400; x_wconf 85' lang='lat' dir='ltr'>respondi,</span> <span class='ocrx_word' id='word_1_122' title='bbox 952 2337 1013 2382; x_wconf 89' lang='lat' dir='ltr'>non</span> <span class='ocrx_word' id='word_1_123' title='bbox 1038 2318 1166 2399; x_wconf 87' lang='lat' dir='ltr'>quidem</span> <span class='ocrx_word' id='word_1_124' title='bbox 1189 2318 1339 2383; x_wconf 89' lang='lat' dir='ltr'>uniuersa</span> 
     </span>
     <span class='ocr_line' id='line_1_18' title="bbox 190 2422 1337 2510; baseline 0 -20"><span class='ocrx_word' id='word_1_125' title='bbox 190 2426 293 2510; x_wconf 81' lang='lat' dir='ltr'>plene,</span> <span class='ocrx_word' id='word_1_126' title='bbox 327 2424 412 2490; x_wconf 90' lang='lat' dir='ltr'>siout</span> <span class='ocrx_word' id='word_1_127' title='bbox 439 2422 626 2508; x_wconf 85' lang='lat' dir='ltr'>magnitudo</span> <span class='ocrx_word' id='word_1_128' title='bbox 655 2422 700 2490; x_wconf 89' lang='lat' dir='ltr'>rei</span> <span class='ocrx_word' id='word_1_129' title='bbox 728 2423 923 2506; x_wconf 75' lang='lat' dir='ltr'>postulabat,</span> <span class='ocrx_word' id='word_1_130' title='bbox 953 2424 1120 2507; x_wconf 84' lang='lat' dir='ltr'>expediens</span> <span class='ocrx_word' id='word_1_131' title='bbox 1149 2425 1204 2490; x_wconf 90' lang='lat' dir='ltr'>sed</span> <span class='ocrx_word' id='word_1_132' title='bbox 1231 2428 1337 2490; x_wconf 88' lang='lat' dir='ltr'>tamen</span> 
     </span>
    </p>
   </div>
   <div class='ocr_carea' id='block_1_5' title="bbox 159 2531 1388 3463">
    <p class='ocr_par' dir='ltr' id='par_1_6' title="bbox 159 2531 1388 3463">
     <span class='ocr_line' id='line_1_19' title="bbox 188 2531 1339 2616; baseline 0.001 -20"><span class='ocrx_word' id='word_1_133' title='bbox 188 2551 244 2616; x_wconf 93' lang='lat' dir='ltr'>pro</span> <span class='ocrx_word' id='word_1_134' title='bbox 269 2535 411 2614; x_wconf 89' lang='lat' dir='ltr'>tempore</span> <span class='ocrx_word' id='word_1_135' title='bbox 437 2533 523 2596; x_wconf 87' lang='lat' dir='ltr'>certa</span> <span class='ocrx_word' id='word_1_136' title='bbox 546 2531 792 2615; x_wconf 86' lang='lat' dir='ltr'>praestringens.</span> <span class='ocrx_word' id='word_1_137' title='bbox 825 2549 937 2594; x_wconf 90' lang='lat' dir='ltr'>uerum</span> <span class='ocrx_word' id='word_1_138' title='bbox 961 2531 1023 2596; x_wconf 86' lang='lat' dir='ltr'>etsi</span> <span class='ocrx_word' id='word_1_139' title='bbox 1046 2531 1242 2598; x_wconf 85' lang='lat' dir='ltr'>sufficienter</span> <span class='ocrx_word' id='word_1_140' title='bbox 1264 2533 1339 2597; x_wconf 88' lang='lat' dir='ltr'>alle·</span> 
     </span>
     <span class='ocr_line' id='line_1_20' title="bbox 189 2638 1340 2725; baseline 0.001 -23"><span class='ocrx_word' id='word_1_141' title='bbox 189 2659 263 2725; x_wconf 87' lang='lat' dir='ltr'>gare</span> <span class='ocrx_word' id='word_1_142' title='bbox 286 2658 337 2703; x_wconf 92' lang='lat' dir='ltr'>me</span> <span class='ocrx_word' id='word_1_143' title='bbox 362 2640 469 2703; x_wconf 90' lang='lat' dir='ltr'>omnia</span> <span class='ocrx_word' id='word_1_144' title='bbox 492 2638 690 2722; x_wconf 88' lang='lat' dir='ltr'>contigisset.</span> <span class='ocrx_word' id='word_1_145' title='bbox 715 2638 872 2720; x_wconf 90' lang='lat' dir='ltr'>numquid</span> <span class='ocrx_word' id='word_1_146' title='bbox 899 2656 996 2722; x_wconf 86' lang='lat' dir='ltr'>agens</span> <span class='ocrx_word' id='word_1_147' title='bbox 1026 2638 1110 2720; x_wconf 87' lang='lat' dir='ltr'>apud</span> <span class='ocrx_word' id='word_1_148' title='bbox 1138 2639 1340 2703; x_wconf 82' lang='lat' dir='ltr'>clementiam</span> 
     </span>
     <span class='ocr_line' id='line_1_21' title="bbox 188 2743 1386 2828; baseline 0.003 -18"><span class='ocrx_word' id='word_1_149' title='bbox 188 2748 330 2810; x_wconf 90' lang='lat' dir='ltr'>uestram</span> <span class='ocrx_word' id='word_1_150' title='bbox 353 2763 481 2809; x_wconf 87' lang='lat' dir='ltr'>causam</span> <span class='ocrx_word' id='word_1_151' title='bbox 504 2743 579 2808; x_wconf 89' lang='lat' dir='ltr'>fidei</span> <span class='ocrx_word' id='word_1_152' title='bbox 598 2747 740 2826; x_wconf 92' lang='lat' dir='ltr'>poteram</span> <span class='ocrx_word' id='word_1_153' title='bbox 759 2744 902 2826; x_wconf 87' lang='lat' dir='ltr'>repetitis</span> <span class='ocrx_word' id='word_1_154' title='bbox 921 2745 1068 2827; x_wconf 91' lang='lat' dir='ltr'>precibus</span> <span class='ocrx_word' id='word_1_155' title='bbox 1087 2745 1339 2828; x_wconf 87' lang='lat' dir='ltr'>importunitatis</span> <span class='ocrx_word' id='word_1_156' title='bbox 1357 2774 1386 2814; x_wconf 77' lang='lat' dir='ltr'>ao</span> 
     </span>
     <span class='ocr_line' id='line_1_22' title="bbox 159 2850 1342 2935; baseline 0.003 -21"><span class='ocrx_word' id='word_1_157' title='bbox 159 2851 329 2924; x_wconf 83' lang='lat' dir='ltr'>2inaessi?</span> <span class='ocrx_word' id='word_1_158' title='bbox 361 2851 495 2915; x_wconf 85' lang='lat' dir='ltr'>timeant</span> <span class='ocrx_word' id='word_1_159' title='bbox 518 2853 626 2916; x_wconf 88' lang='lat' dir='ltr'>notam</span> <span class='ocrx_word' id='word_1_160' title='bbox 650 2850 745 2915; x_wconf 91' lang='lat' dir='ltr'>huius</span> <span class='ocrx_word' id='word_1_161' title='bbox 768 2851 1017 2935; x_wconf 72' lang='lat' dir='ltr'>ingratitudinis.</span> <span class='ocrx_word' id='word_1_162' title='bbox 1042 2852 1159 2934; x_wconf 85' lang='lat' dir='ltr'>quibus</span> <span class='ocrx_word' id='word_1_163' title='bbox 1188 2872 1263 2917; x_wconf 88' lang='lat' dir='ltr'>cura</span> <span class='ocrx_word' id='word_1_164' title='bbox 1291 2857 1342 2919; x_wconf 90' lang='lat' dir='ltr'>est</span> 
     </span>
     <span class='ocr_line' id='line_1_23' title="bbox 191 2956 1340 3044; baseline 0.002 -22"><span class='ocrx_word' id='word_1_165' title='bbox 191 2956 333 3022; x_wconf 88' lang='lat' dir='ltr'>studium</span> <span class='ocrx_word' id='word_1_166' title='bbox 356 2957 493 3042; x_wconf 90' lang='lat' dir='ltr'>negotiis</span> <span class='ocrx_word' id='word_1_167' title='bbox 517 2975 633 3022; x_wconf 89' lang='lat' dir='ltr'>nauare</span> <span class='ocrx_word' id='word_1_168' title='bbox 652 2957 838 3022; x_wconf 84' lang='lat' dir='ltr'>mundanis!</span> <span class='ocrx_word' id='word_1_169' title='bbox 863 2978 943 3041; x_wconf 91' lang='lat' dir='ltr'>opus</span> <span class='ocrx_word' id='word_1_170' title='bbox 961 2978 1023 3023; x_wconf 89' lang='lat' dir='ltr'>non</span> <span class='ocrx_word' id='word_1_171' title='bbox 1041 2959 1154 3041; x_wconf 92' lang='lat' dir='ltr'>implet</span> <span class='ocrx_word' id='word_1_172' title='bbox 1172 2960 1340 3044; x_wconf 84' lang='lat' dir='ltr'>euangelii,</span> 
     </span>
     <span class='ocr_line' id='line_1_24' title="bbox 192 3063 1342 3149; baseline 0.003 -22"><span class='ocrx_word' id='word_1_173' title='bbox 192 3064 246 3146; x_wconf 91' lang='lat' dir='ltr'>qui</span> <span class='ocrx_word' id='word_1_174' title='bbox 270 3084 288 3128; x_wconf 91' lang='lat' dir='ltr'>a</span> <span class='ocrx_word' id='word_1_175' title='bbox 310 3064 543 3148; x_wconf 88' lang='lat' dir='ltr'>praedicatione</span> <span class='ocrx_word' id='word_1_176' title='bbox 572 3064 640 3129; x_wconf 89' lang='lat' dir='ltr'>eius</span> <span class='ocrx_word' id='word_1_177' title='bbox 669 3063 837 3128; x_wconf 87' lang='lat' dir='ltr'>uenialiter</span> <span class='ocrx_word' id='word_1_178' title='bbox 864 3068 958 3147; x_wconf 88' lang='lat' dir='ltr'>putat</span> <span class='ocrx_word' id='word_1_179' title='bbox 984 3084 1079 3148; x_wconf 91' lang='lat' dir='ltr'>posse</span> <span class='ocrx_word' id='word_1_180' title='bbox 1108 3066 1235 3131; x_wconf 89' lang='lat' dir='ltr'>cessari.</span> <span class='ocrx_word' id='word_1_181' title='bbox 1272 3086 1342 3149; x_wconf 91' lang='lat' dir='ltr'>per-</span> 
     </span>
     <span class='ocr_line' id='line_1_25' title="bbox 191 3170 1342 3254; baseline 0.003 -20"><span class='ocrx_word' id='word_1_182' title='bbox 191 3170 325 3254; x_wconf 91' lang='lat' dir='ltr'>uigilem</span> <span class='ocrx_word' id='word_1_183' title='bbox 361 3173 526 3254; x_wconf 86' lang='lat' dir='ltr'>pastorum</span> <span class='ocrx_word' id='word_1_184' title='bbox 565 3174 690 3252; x_wconf 89' lang='lat' dir='ltr'>oportet</span> <span class='ocrx_word' id='word_1_185' title='bbox 729 3189 799 3234; x_wconf 89' lang='lat' dir='ltr'>esse</span> <span class='ocrx_word' id='word_1_186' title='bbox 836 3170 1013 3236; x_wconf 88' lang='lat' dir='ltr'>custodiam</span> <span class='ocrx_word' id='word_1_187' title='bbox 1048 3175 1082 3236; x_wconf 86' lang='lat' dir='ltr'>et</span> <span class='ocrx_word' id='word_1_188' title='bbox 1112 3172 1239 3237; x_wconf 91' lang='lat' dir='ltr'>lumbos</span> <span class='ocrx_word' id='word_1_189' title='bbox 1272 3174 1342 3238; x_wconf 88' lang='lat' dir='ltr'>sine</span> 
     </span>
     <span class='ocr_line' id='line_1_26' title="bbox 192 3274 1388 3358; baseline 0.006 -19"><span class='ocrx_word' id='word_1_190' title='bbox 192 3275 383 3340; x_wconf 81' lang='lat' dir='ltr'>relaxatione</span> <span class='ocrx_word' id='word_1_191' title='bbox 425 3275 632 3358; x_wconf 90' lang='lat' dir='ltr'>praecinctos.</span> <span class='ocrx_word' id='word_1_192' title='bbox 679 3275 781 3339; x_wconf 89' lang='lat' dir='ltr'>bonae</span> <span class='ocrx_word' id='word_1_193' title='bbox 823 3274 1049 3341; x_wconf 89' lang='lat' dir='ltr'>admonitionis</span> <span class='ocrx_word' id='word_1_194' title='bbox 1091 3277 1177 3342; x_wconf 90' lang='lat' dir='ltr'>sicut</span> <span class='ocrx_word' id='word_1_195' title='bbox 1217 3282 1343 3343; x_wconf 89' lang='lat' dir='ltr'>constat</span> <span class='ocrx_word' id='word_1_196' title='bbox 1361 3308 1388 3348; x_wconf 66' lang='grc' dir='ltr'>ιε</span> 
     </span>
     <span class='ocr_line' id='line_1_27' title="bbox 162 3380 1341 3463; baseline 0.004 -19"><span class='ocrx_word' id='word_1_197' title='bbox 162 3381 320 3456; x_wconf 90' lang='lat' dir='ltr'>3dulcem</span> <span class='ocrx_word' id='word_1_198' title='bbox 344 3381 494 3458; x_wconf 81' lang='lat' dir='ltr'>fructum,</span> <span class='ocrx_word' id='word_1_199' title='bbox 515 3381 561 3446; x_wconf 89' lang='lat' dir='ltr'>ita</span> <span class='ocrx_word' id='word_1_200' title='bbox 584 3382 653 3446; x_wconf 92' lang='lat' dir='ltr'>eius</span> <span class='ocrx_word' id='word_1_201' title='bbox 679 3399 740 3446; x_wconf 93' lang='lat' dir='ltr'>non</span> <span class='ocrx_word' id='word_1_202' title='bbox 765 3380 857 3446; x_wconf 90' lang='lat' dir='ltr'>decet</span> <span class='ocrx_word' id='word_1_203' title='bbox 880 3401 950 3446; x_wconf 88' lang='lat' dir='ltr'>esse</span> <span class='ocrx_word' id='word_1_204' title='bbox 973 3382 1148 3451; x_wconf 84' lang='lat' dir='ltr'>fastidium.</span> <span class='ocrx_word' id='word_1_205' title='bbox 1201 3388 1233 3449; x_wconf 88' lang='lat' dir='ltr'>et</span> <span class='ocrx_word' id='word_1_206' title='bbox 1252 3385 1341 3463; x_wconf 84' lang='lat' dir='ltr'>alias,</span> 
     </span>
    </p>
   </div>
   <div class='ocr_carea' id='block_1_6' title="bbox 284 3588 510 3650">
    <p class='ocr_par' dir='ltr' id='par_1_7' title="bbox 284 3588 510 3650">
     <span class='ocr_line' id='line_1_28' title="bbox 284 3588 510 3650; baseline 0.004 -8"><span class='ocrx_word' id='word_1_207' title='bbox 284 3590 312 3642; x_wconf 90' lang='lat' dir='ltr'>ll</span> <span class='ocrx_word' id='word_1_208' title='bbox 335 3588 394 3643; x_wconf 90' lang='lat' dir='ltr'>Ioh.</span> <span class='ocrx_word' id='word_1_209' title='bbox 415 3590 457 3650; x_wconf 77' lang='lat'>14.</span> <span class='ocrx_word' id='word_1_210' title='bbox 476 3589 510 3643; x_wconf 77' lang='lat'>27</span> 
     </span>
    </p>
   </div>
   <div class='ocr_carea' id='block_1_7' title="bbox 194 3711 1344 4400">
    <p class='ocr_par' dir='ltr' id='par_1_8' title="bbox 194 3711 1342 3958">
     <span class='ocr_line' id='line_1_29' title="bbox 231 3711 1342 3784; baseline 0.003 -19"><span class='ocrx_word' id='word_1_211' title='bbox 231 3713 315 3781; x_wconf 86' lang='lat' dir='ltr'>lego</span> <span class='ocrx_word' id='word_1_212' title='bbox 339 3711 371 3774; x_wconf 86' lang='lat' dir='ltr'>V,</span> <span class='ocrx_word' id='word_1_213' title='bbox 391 3727 493 3767; x_wconf 68' lang='lat' dir='ltr'>corae</span> <span class='ocrx_word' id='word_1_214' title='bbox 570 3713 750 3783; x_wconf 83' lang='lat' dir='ltr'>2rnagestati</span> <span class='ocrx_word' id='word_1_215' title='bbox 777 3712 799 3762; x_wconf 89' lang='lat' dir='ltr'><strong><em>V</em></strong></span> <span class='ocrx_word' id='word_1_216' title='bbox 877 3714 1013 3783; x_wconf 85' lang='lat' dir='ltr'>3hisque</span> <span class='ocrx_word' id='word_1_217' title='bbox 1032 3715 1163 3784; x_wconf 80' lang='lat' dir='ltr'>praefacti</span> <span class='ocrx_word' id='word_1_218' title='bbox 1187 3716 1219 3777; x_wconf 80' lang='lat' dir='ltr'>V,</span> <span class='ocrx_word' id='word_1_219' title='bbox 1238 3732 1342 3771; x_wconf 64' lang='lat' dir='ltr'>corno</span> 
     </span>
     <span class='ocr_line' id='line_1_30' title="bbox 194 3801 1342 3871; baseline 0.003 -17"><span class='ocrx_word' id='word_1_220' title='bbox 194 3803 278 3854; x_wconf 68' lang='lat' dir='ltr'>dnos</span> <span class='ocrx_word' id='word_1_221' title='bbox 298 3819 324 3852; x_wconf 88' lang='lat' dir='ltr'>o:</span> <span class='ocrx_word' id='word_1_222' title='bbox 345 3817 398 3854; x_wconf 91' lang='lat' dir='ltr'>non</span> <span class='ocrx_word' id='word_1_223' title='bbox 422 3801 448 3853; x_wconf 91' lang='lat' dir='ltr'><strong><em>V</em></strong></span> <span class='ocrx_word' id='word_1_224' title='bbox 485 3804 671 3856; x_wconf 83' lang='lat' dir='ltr'>5nostrorum</span> <span class='ocrx_word' id='word_1_225' title='bbox 695 3801 768 3865; x_wconf 66' lang='lat' dir='ltr'>Cur„</span> <span class='ocrx_word' id='word_1_226' title='bbox 787 3801 836 3856; x_wconf 78' lang='lat' dir='ltr'>aad</span> <span class='ocrx_word' id='word_1_227' title='bbox 853 3802 888 3871; x_wconf 85' lang='lat' dir='ltr'>cs.</span> <span class='ocrx_word' id='word_1_228' title='bbox 907 3803 995 3858; x_wconf 84' lang='lat' dir='ltr'>Beitr.</span> <span class='ocrx_word' id='word_1_229' title='bbox 1018 3806 1036 3856; x_wconf 85' lang='lat'><strong><em>6</em></strong></span> <span class='ocrx_word' id='word_1_230' title='bbox 1057 3803 1123 3857; x_wconf 81' lang='lat' dir='ltr'>adn.</span> <span class='ocrx_word' id='word_1_231' title='bbox 1143 3809 1158 3857; x_wconf 87' lang='lat'><strong><em>1</em></strong></span> <span class='ocrx_word' id='word_1_232' title='bbox 1200 3807 1231 3859; x_wconf 91' lang='lat' dir='ltr'>ll</span> <span class='ocrx_word' id='word_1_233' title='bbox 1252 3804 1342 3858; x_wconf 86' lang='lat' dir='ltr'>decla-</span> 
     </span>
     <span class='ocr_line' id='line_1_31' title="bbox 195 3889 979 3958; baseline 0.003 -16"><span class='ocrx_word' id='word_1_234' title='bbox 195 3890 266 3943; x_wconf 90' lang='lat' dir='ltr'>rauit</span> <span class='ocrx_word' id='word_1_235' title='bbox 286 3907 303 3940; x_wconf 86' lang='grc' dir='ltr'><strong>α</strong></span> <span class='ocrx_word' id='word_1_236' title='bbox 322 3895 387 3942; x_wconf 81' lang='lat' dir='ltr'>ante</span> <span class='ocrx_word' id='word_1_237' title='bbox 403 3905 546 3944; x_wconf 79' lang='lat' dir='ltr'>rasarone:</span> <span class='ocrx_word' id='word_1_238' title='bbox 566 3889 699 3944; x_wconf 89' lang='lat' dir='ltr'>declaruit</span> <span class='ocrx_word' id='word_1_239' title='bbox 722 3889 747 3942; x_wconf 93' lang='lat' dir='ltr'><strong><em>V</em></strong></span> <span class='ocrx_word' id='word_1_240' title='bbox 764 3895 789 3944; x_wconf 83' lang='lat' dir='ltr'>et</span> <span class='ocrx_word' id='word_1_241' title='bbox 808 3908 825 3941; x_wconf 88' lang='grc' dir='ltr'>α</span> <span class='ocrx_word' id='word_1_242' title='bbox 839 3895 905 3958; x_wconf 82' lang='lat' dir='ltr'>post</span> <span class='ocrx_word' id='word_1_243' title='bbox 922 3906 979 3944; x_wconf 83' lang='lat' dir='ltr'>rao.</span> 
     </span>
    </p>

    <p class='ocr_par' dir='ltr' id='par_1_9' title="bbox 196 3976 1344 4400">
     <span class='ocr_line' id='line_1_32' title="bbox 233 3976 1342 4048; baseline 0.001 -15"><span class='ocrx_word' id='word_1_244' title='bbox 233 3977 301 4033; x_wconf 76' lang='grc'><strong>126.</strong></span> <span class='ocrx_word' id='word_1_245' title='bbox 365 3976 435 4031; x_wconf 87' lang='lat' dir='ltr'>Dat.</span> <span class='ocrx_word' id='word_1_246' title='bbox 454 3977 549 4044; x_wconf 55' lang='lat' dir='ltr'>(amul</span> <span class='ocrx_word' id='word_1_247' title='bbox 567 3994 628 4032; x_wconf 78' lang='lat' dir='ltr'>crem</span> <span class='ocrx_word' id='word_1_248' title='bbox 646 3995 703 4046; x_wconf 88' lang='lat' dir='ltr'>epp.</span> <span class='ocrx_word' id='word_1_249' title='bbox 724 3981 886 4046; x_wconf 71' lang='lat' dir='ltr'>ras-132)</span> <span class='ocrx_word' id='word_1_250' title='bbox 906 3995 932 4032; x_wconf 87' lang='lat' dir='ltr'>a.</span> <span class='ocrx_word' id='word_1_251' title='bbox 955 3982 1010 4032; x_wconf 81' lang='lat'>517</span> <span class='ocrx_word' id='word_1_252' title='bbox 1027 3978 1071 4033; x_wconf 82' lang='lat' dir='ltr'>die</span> <span class='ocrx_word' id='word_1_253' title='bbox 1091 3982 1109 4032; x_wconf 84' lang='lat'><strong><em>3</em></strong></span> <span class='ocrx_word' id='word_1_254' title='bbox 1127 3982 1196 4048; x_wconf 83' lang='lat' dir='ltr'>Apr.</span> <span class='ocrx_word' id='word_1_255' title='bbox 1211 3997 1264 4048; x_wconf 80' lang='lat' dir='ltr'>per</span> <span class='ocrx_word' id='word_1_256' title='bbox 1281 3979 1342 4034; x_wconf 66' lang='lat' dir='ltr'>Inn-</span> 
     </span>
     <span class='ocr_line' id='line_1_33' title="bbox 196 4065 1342 4136; baseline 0.003 -16"><span class='ocrx_word' id='word_1_257' title='bbox 196 4065 310 4120; x_wconf 79' lang='lat' dir='ltr'>aodr&#39;um</span> <span class='ocrx_word' id='word_1_258' title='bbox 329 4071 354 4120; x_wconf 81' lang='lat' dir='ltr'>et</span> <span class='ocrx_word' id='word_1_259' title='bbox 371 4065 556 4136; x_wconf 74' lang='lat' dir='ltr'>Peregrinum.</span> <span class='ocrx_word' id='word_1_260' title='bbox 593 4067 668 4121; x_wconf 83' lang='lat' dir='ltr'>Edd.</span> <span class='ocrx_word' id='word_1_261' title='bbox 687 4066 751 4120; x_wconf 85' lang='lat' dir='ltr'>Car.</span> <span class='ocrx_word' id='word_1_262' title='bbox 771 4068 802 4120; x_wconf 83' lang='lat'>1²</span> <span class='ocrx_word' id='word_1_263' title='bbox 823 4070 891 4134; x_wconf 70' lang='lat'>4615</span> <span class='ocrx_word' id='word_1_264' title='bbox 908 4067 978 4121; x_wconf 85' lang='lat' dir='ltr'>Bar.</span> <span class='ocrx_word' id='word_1_265' title='bbox 998 4067 1038 4121; x_wconf 86' lang='lat' dir='ltr'>ad</span> <span class='ocrx_word' id='word_1_266' title='bbox 1056 4084 1082 4121; x_wconf 84' lang='lat' dir='ltr'>a.</span> <span class='ocrx_word' id='word_1_267' title='bbox 1105 4072 1166 4132; x_wconf 82' lang='lat'><em>517,</em></span> <span class='ocrx_word' id='word_1_268' title='bbox 1183 4072 1215 4135; x_wconf 86' lang='lat'>3;</span> <span class='ocrx_word' id='word_1_269' title='bbox 1233 4068 1342 4123; x_wconf 80' lang='lat' dir='ltr'>Collect.</span> 
     </span>
     <span class='ocr_line' id='line_1_34' title="bbox 200 4153 1344 4228; baseline 0.003 -21"><span class='ocrx_word' id='word_1_270' title='bbox 200 4153 319 4220; x_wconf 78' lang='lat' dir='ltr'>Concil.‚·</span> <span class='ocrx_word' id='word_1_271' title='bbox 344 4153 427 4208; x_wconf 78' lang='lat' dir='ltr'>BTA</span> <span class='ocrx_word' id='word_1_272' title='bbox 455 4155 475 4208; x_wconf 88' lang='lat' dir='ltr'><strong><em>I</em></strong></span> <span class='ocrx_word' id='word_1_273' title='bbox 501 4157 573 4221; x_wconf 73' lang='lat'>3945</span> <span class='ocrx_word' id='word_1_274' title='bbox 600 4155 679 4209; x_wconf 82' lang='lat' dir='ltr'>Tbiel</span> <span class='ocrx_word' id='word_1_275' title='bbox 705 4157 770 4211; x_wconf 80' lang='lat'>796.</span> <span class='ocrx_word' id='word_1_276' title='bbox 863 4157 896 4210; x_wconf 80' lang='lat'>14</span> <span class='ocrx_word' id='word_1_277' title='bbox 918 4174 966 4226; x_wconf 87' lang='lat' dir='ltr'>per</span> <span class='ocrx_word' id='word_1_278' title='bbox 988 4155 1141 4210; x_wconf 86' lang='lat' dir='ltr'>Ennodium</span> <span class='ocrx_word' id='word_1_279' title='bbox 1157 4199 1163 4210; x_wconf 91' lang='lat'>.</span> <span class='ocrx_word' id='word_1_280' title='bbox 1180 4200 1186 4212; x_wconf 91' lang='lat'>.</span> <span class='ocrx_word' id='word_1_281' title='bbox 1202 4158 1344 4228; x_wconf 87' lang='lat' dir='ltr'>episcopos</span> 
     </span>
     <span class='ocr_line' id='line_1_35' title="bbox 198 4241 1344 4315; baseline 0.004 -20"><span class='ocrx_word' id='word_1_282' title='bbox 198 4241 354 4296; x_wconf 76' lang='lat' dir='ltr'>charactere</span> <span class='ocrx_word' id='word_1_283' title='bbox 372 4243 518 4296; x_wconf 77' lang='lat' dir='ltr'>minutiore</span> <span class='ocrx_word' id='word_1_284' title='bbox 536 4243 562 4295; x_wconf 95' lang='lat' dir='ltr'><strong><em>V</em></strong></span> <span class='ocrx_word' id='word_1_285' title='bbox 597 4245 629 4296; x_wconf 81' lang='lat'>17</span> <span class='ocrx_word' id='word_1_286' title='bbox 648 4243 687 4296; x_wconf 89' lang='lat' dir='ltr'>rei</span> <span class='ocrx_word' id='word_1_287' title='bbox 707 4261 734 4300; x_wconf 84' lang='lat' dir='ltr'>o:</span> <span class='ocrx_word' id='word_1_288' title='bbox 754 4243 813 4313; x_wconf 89' lang='lat' dir='ltr'>regi</span> <span class='ocrx_word' id='word_1_289' title='bbox 832 4243 859 4295; x_wconf 88' lang='lat' dir='ltr'><strong><em>V</em></strong></span> <span class='ocrx_word' id='word_1_290' title='bbox 928 4244 976 4298; x_wconf 89' lang='lat' dir='ltr'>sed</span> <span class='ocrx_word' id='word_1_291' title='bbox 993 4245 1106 4314; x_wconf 80' lang='lat' dir='ltr'>scripsi:</span> <span class='ocrx_word' id='word_1_292' title='bbox 1125 4248 1153 4298; x_wconf 90' lang='lat' dir='ltr'>et</span> <span class='ocrx_word' id='word_1_293' title='bbox 1171 4245 1198 4299; x_wconf 95' lang='lat' dir='ltr'><strong><em>V</em></strong></span> <span class='ocrx_word' id='word_1_294' title='bbox 1231 4246 1344 4315; x_wconf 64' lang='grc'><strong>18111-</strong></span> 
     </span>
     <span class='ocr_line' id='line_1_36' title="bbox 199 4329 655 4400; baseline 0 -17"><span class='ocrx_word' id='word_1_295' title='bbox 199 4331 334 4400; x_wconf 84' lang='lat' dir='ltr'>stringens</span> <span class='ocrx_word' id='word_1_296' title='bbox 354 4329 380 4400; x_wconf 85' lang='lat' dir='ltr'>p²</span> <span class='ocrx_word' id='word_1_297' title='bbox 452 4331 607 4386; x_wconf 86' lang='lat' dir='ltr'>suficienter</span> <span class='ocrx_word' id='word_1_298' title='bbox 629 4331 655 4383; x_wconf 90' lang='lat' dir='ltr'><strong><em>V</em></strong></span> 
     </span>
    </p>
   </div>
   <div class='ocr_carea' id='block_1_8' title="bbox 0 0 1532 4975">
    <p class='ocr_par' dir='ltr' id='par_1_10' title="bbox 0 0 1532 4975">
     <span class='ocr_line' id='line_1_37' title="bbox 0 0 1532 4975; baseline 0 0"><span class='ocrx_word' id='word_1_299' title='bbox 0 0 1532 4975; x_wconf 95' lang='lat' dir='ltr'> </span> 
     </span>
    </p>
   </div>
  </div>
 </body>
</html>
