3025 4975
415 476 500 547 Epist.
520 476 706 531 CLXXXVIII
724 476 741 529 3
762 506 794 515 —-
815 474 957 529 CLXXXX
978 474 1002 529 3.
1213 475 1279 539 647

145 673 303 753 praeterito
341 675 483 753 tempore
519 672 637 736 litteris
670 670 839 735 destinatis
874 670 1046 751 scripserit.
1079 669 1111 733 ln
1145 686 1279 751 quorum

145 780 390 863 allegationibus,
415 798 487 844 cum
510 779 626 863 legatis
648 778 863 843 remeantibus
888 778 1103 859 competenter
1126 776 1279 841 fuerimus

144 886 290 964 Instructi,
316 886 344 951 si
368 886 443 968 quid
467 886 706 969 reprehensione
731 885 863 969 dignum
883 884 1023 969 cognitio
1042 886 1151 947 nostra
1167 902 1276 965 reppe-

144 994 260 1071 r<er>it,
284 1012 416 1057 necesse
435 996 493 1070 est,
508 996 545 1057 ut
564 993 647 1057 circa
661 1011 716 1057 eos
731 996 896 1055 teneamus
917 990 1166 1057 ecelesiasticam
1187 990 1279 1055 disci-

120 1101 262 1181 splinam.
316 1100 478 1165 Uictorem
505 1104 676 1182 praeterea,
706 1100 762 1182 qui
790 1098 930 1163 diaconis
958 1098 1072 1161 habere
1098 1097 1282 1181 perhibetur
1304 1094 1328 1157 3

145 1206 286 1283 cilicium,
319 1206 411 1271 cuius
438 1205 534 1270 fidem
561 1206 594 1269 hi
621 1206 685 1288 ipsi
712 1205 859 1269 monachi
886 1204 1090 1269 uehementer
1118 1208 1279 1282 accusant,

146 1314 189 1377 uel
210 1314 301 1391 alios,
327 1314 381 1396 qui
404 1331 569 1393 peruersas
594 1312 725 1379 IorsItan
751 1312 896 1377 obiciunt
919 1311 1133 1395 quaestiones,
1158 1310 1280 1375 ordina·

145 1419 219 1484 tione
251 1420 361 1485 domui
391 1420 450 1483 filii
477 1420 577 1485 nostri
606 1418 849 1485 clementissimi
876 1418 1074 1501 imperatoris
1103 1416 1142 1481 ad
1170 1416 1281 1481 urbem

145 1527 227 1591 nolus
254 1526 502 1611 suggerentibus
531 1526 717 1611 dirigantur,
741 1530 779 1591 ut
801 1526 966 1589 uniuersas
995 1525 1212 1609 allegationes,
1242 1523 1280 1587 de

112 1656 132 1696 o
147 1633 249 1715 quibus
274 1633 479 1711 contendunt,
503 1651 561 1697 uos
584 1633 746 1715 possImus
772 1650 954 1717 agnoscere.

653 1826 761 1910 (rso.)

185 1970 337 2016 uonmsoa
363 1970 547 2016 rusrmrauo
575 1971 723 2016 mausum.
792 1952 843 2015 Ita
870 1949 1124 2033 magnificentiae
1153 1954 1282 2015 uestrae
1397 2036 1399 2039 Ι

146 2056 275 2122 animum
302 2058 413 2142 uigere
442 2058 591 2123 nouimus
623 2058 787 2143 religionis
821 2057 947 2136 affectu,
971 2060 1009 2123 ut
1040 2056 1229 2122 beneficIum
1263 2078 1283 2123 a

147 2164 229 2228 uobis
256 2165 286 2228 in
310 2166 503 2247 perfectione
526 2166 613 2248 pacis
638 2164 791 2230 ecclesiae
815 2166 924 2230 uelitis
952 2165 1056 2249 magia
1081 2164 1161 2249 erigi
1186 2184 1280 2247 quam

113 2299 133 2337 n
146 2273 248 2354 rogari,
270 2272 449 2336 iudicantes
472 2272 594 2336 meritis
623 2271 826 2337 excellentiae
854 2276 979 2337 uestrae
1006 2272 1167 2355 proficere,
1196 2272 1281 2356 quod

148 2395 199 2441 uos
225 2378 436 2462 generalitatis
470 2378 626 2443 desiderio
659 2379 816 2465 contingit
851 2378 970 2445 offerre.
1039 2379 1122 2444 unde
1160 2383 1192 2445 et
1222 2400 1279 2446 nos

149 2501 165 2546 a
196 2484 282 2550 uobis
324 2489 526 2569 praesumpte
568 2486 749 2568 quaerimus
790 2490 966 2570 tamquam.
995 2486 1152 2567 debltum,
1196 2489 1326 2571 quod2

148 2591 255 2655 ueritis
286 2593 404 2657 uestris
437 2593 584 2658 nouimus
618 2612 687 2658 esse
723 2593 936 2675 profuturum,
975 2598 1008 2658 et
1039 2595 1121 2672 ideo,
1156 2594 1280 2660 domine

150 2694 196 2773 fili,
226 2699 282 2762 sub
316 2699 404 2763 omni
437 2699 567 2763 caritate
596 2701 772 2764 salutantes
801 2719 975 2782 speramus,
1013 2705 1051 2766 ut
1086 2701 1280 2766 imminuens

114 2835 136 2874 s
151 2804 233 2884 operi,
269 2805 356 2887 quod
394 2804 520 2870 domino
558 2805 729 2870 adiuuante
771 2806 940 2883 fundastis,
982 2827 1138 2872 memores
1181 2807 1281 2872 diuini

149 2910 325 2976 testimonii:
360 2912 428 2994 qui
456 2913 790 2995 perseuerauerit
817 2913 856 2977 in
884 2913 977 2992 fine,
1008 2915 1149 2979 saluus
1189 2913 1279 2979 erit.

149 3021 294 3094 praeterea
329 3019 512 3096 monachos,
547 3038 626 3101 quos
664 3019 790 3084 uenisse
822 3019 957 3084 Romam
991 3020 1197 3104 significastis
1229 3021 1328 3096 lit-3

150 3123 215 3187 teris
244 3125 371 3201 uestris
409 3125 450 3190 ad
480 3127 607 3209 propria-
642 3146 715 3192 mor
751 3127 915 3192 noluimus
948 3129 1082 3204 reuerti;
1121 3127 1178 3193 sed
1206 3127 1282 3211 quia

150 3231 200 3292 sub
228 3231 451 3296 testificatione
482 3234 644 3316 potentiae
673 3233 797 3298 diuisae
831 3234 978 3298 dicebant
1004 3255 1061 3316 per
1087 3235 1220 3300 insidias
1248 3235 1279 3300 in

116 3363 136 3404 u
150 3333 248 3402 ltnors
269 3342 396 3422 paratas
420 3339 507 3405 uitae
530 3359 601 3405 sese
629 3341 787 3406 sustinere
810 3359 905 3423 posse
930 3341 1109 3420 discrimen,
1136 3343 1281 3407 uolentes

149 3441 236 3508 retine
267 3445 576 3530 ConstantinopoIIm
607 3447 695 3529 passi
728 3466 789 3511 non
824 3464 936 3512 sumus
970 3429 1126 3512 uiolenter
1157 3449 1281 3531 expelli.

209 3707 238 3760 21
258 3709 356 3762 Matth.
379 3709 420 3770 10,
439 3709 474 3762 22

178 3856 193 3909 3
205 3860 320 3928 repperit
333 3858 366 3920 V,
376 3874 444 3912 corr.
456 3859 483 3928 9²
519 3859 534 3912 7
548 3875 603 3929 sqq.
619 3859 804 3914 ordinatione.
817 3901 823 3914 .
834 3859 986 3930 dirigantur
1002 3877 1053 3928 per
1071 3861 1281 3916 anacolutlu'om

149 3945 219 4009 quum
230 3948 423 4014 marcescisset
440 3947 472 4002 id
489 3949 564 4016 meod
577 3947 604 4018 p²
620 3949 741 4003 remittat
754 3949 849 4004 Uiator
860 3991 866 4004 .
877 3989 882 4002 .
894 3949 939 4004 uel
954 3949 1001 4002 alii
1039 3950 1072 4003 10
1086 3966 1227 4018 possumus
1248 3951 1279 4010 V.

150 4045 238 4085 corno

181 4123 242 4177 rao.
294 4125 365 4179 Dat.
384 4131 416 4178 ut
434 4142 473 4195 ep.
493 4129 556 4180 189.
607 4126 682 4182 Euo.
702 4127 766 4181 Car.
786 4125 817 4180 1²
837 4129 908 4194 526;
930 4125 1039 4183 Collect.
1062 4126 1182 4194 conos,-
1199 4127 1282 4180 Bra

151 4205 247 4279 14365
267 4214 346 4268 Ileiel
365 4216 440 4281 886;
458 4207 588 4282 aa'parte
605 4215 677 4270 Bar.
697 4216 736 4268 ad
754 4232 780 4268 a.
803 4217 865 4282 519,
885 4219 927 4268 18.
1011 4215 1043 4268 17
1062 4219 1233 4286 praesumpte
1259 4216 1284 4269 V

153 4295 180 4348 21
200 4299 272 4354 finem
292 4301 326 4373 9²,
350 4304 431 4358 finem
443 4303 517 4358 mic>
534 4303 598 4360 Car.
621 4304 770 4375 aeneadum
798 4304 875 4374 Vulp.
966 4305 1001 4358 22
1023 4321 1098 4357 rome
1121 4304 1152 4368 V,
1176 4320 1244 4358 corr.
1265 4324 1283 4356 α

155 4382 183 4435 25
198 4403 250 4442 sese
267 4392 304 4460 p²2
325 4408 384 4446 esse
407 4392 433 4445 V
