3025 4975
221 462 286 524 678
490 457 636 527 suggestio
656 456 783 511 Gennani
803 462 853 511 ete.
873 456 908 511 ad
927 456 1099 511 Horrnisdem

171 697 176 707 ·
222 656 482 737 postea<quam)
515 652 569 717 hio
602 653 785 718 defecerunt
825 652 981 737 adsignati
1024 654 1062 717 ab
1102 653 1249 717 omnibus
1288 652 1367 716 nihil

220 760 389 843 pacificum
436 760 584 845 cogitare,
623 758 662 823 ad
707 759 937 825 beatitudinem
978 761 1119 825 uestram
1162 762 1368 824 cucurrerunt

222 870 383 950 sperantes
400 866 561 951 subripere
574 870 606 932 et
617 886 673 951 per
685 866 809 931 litteras
829 870 955 933 uestrae
975 866 1060 931 sedis
1080 886 1155 931 suas
1174 866 1367 931 intentiones

177 978 197 1041 6
222 974 415 1039 confirmare.
484 974 540 1038 isti
568 974 606 1039 de
635 993 694 1039 sua
720 974 885 1056 prouincia
909 974 1075 1056 episcopos
1100 976 1261 1051 accusant,
1285 974 1369 1038 inter

221 1100 302 1165 quos
339 1084 388 1147 est
423 1082 579 1146 Paternus
617 1080 802 1145 Tomitanae
840 1080 982 1145 ciuitatis
1021 1081 1163 1145 antistes.
1195 1080 1367 1162 petitiones
1401 1104 1412 1143 c

221 1188 406 1254 obtulerunt
443 1191 476 1253 et
512 1188 614 1253 coacti
650 1188 791 1271 piissimi
823 1186 974 1270 principis
1009 1190 1041 1251 et
1073 1186 1181 1253 domni
1212 1186 1368 1252 Uitaliaui

220 1294 366 1381 magistri
397 1295 539 1360 militurn
570 1296 713 1361 iussione
745 1295 927 1377 frequenter
959 1292 998 1359 ad
1031 1294 1224 1359 audientiam
1253 1312 1367 1359 causae

221 1401 440 1480 conuenimus,
464 1421 525 1467 non
550 1402 641 1485 qnasi
663 1404 808 1467 nolentes
832 1400 864 1466 in
888 1402 938 1466 his
962 1402 1100 1487 negotiis
1124 1421 1182 1467 nos
1202 1419 1367 1483 occupare,

221 1508 297 1593 quia
323 1507 415 1573 nobis
445 1511 520 1573 sunt
548 1511 619 1573 ante
648 1508 758 1573 oculos
787 1508 996 1574 beatitudinis
1029 1510 1156 1573 uestrae
1188 1510 1367 1591 praecepta,

222 1612 338 1699 quibus
360 1616 580 1699 praecepistis,
603 1618 641 1680 ut
664 1633 778 1680 causae
802 1618 939 1693 tanturn,
958 1614 1015 1679 ubi
1033 1633 1233 1691 ueneramus,
1253 1612 1370 1679 intenti
1386 1640 1411 1679 ιο

221 1722 319 1787 nullis
348 1723 420 1787 aliis
450 1722 588 1807 negotiis
612 1722 830 1800 misceremur,
856 1722 912 1788 sed
936 1726 1100 1805 sperantes
1122 1740 1217 1804 posse
1241 1720 1370 1785 intenti-

178 1826 195 1889 7
221 1849 296 1896 ones
321 1850 430 1896 eorum
453 1828 559 1911 pacari
582 1828 705 1894 adhoc
730 1828 963 1894 descendimus.
1033 1831 1065 1893 et
1089 1828 1164 1912 qnia
1192 1826 1283 1892 nobis
1313 1826 1369 1892 diu

220 1938 439 2004 laborantibus
478 1938 510 2001 et
545 1934 611 1999 illis
649 1936 772 1999 nullam
809 1934 1060 2019 suscipientibus
1097 1935 1251 2000 rationem
1287 1933 1369 1999 nihil

220 2044 414 2129 proficiebat,
438 2044 469 2107 in
499 2062 561 2126 quo
589 2041 809 2121 tendebamus,
839 2042 1108 2107 clementissimus
1135 2042 1307 2124 imperator
1335 2041 1368 2105 in

221 2154 380 2216 conuentu
416 2150 556 2232 publico,
593 2149 649 2214 ubi
688 2151 720 2214 et
755 2169 814 2214 nos
852 2148 1006 2215 interesse
1046 2148 1152 2227 iussit,
1194 2149 1368 2213 Paternum
1388 2170 1413 2210 n

220 2256 420 2340 praedictum
439 2255 625 2338 episcopum
643 2257 675 2319 et
688 2254 894 2339 magnificum
910 2254 1015 2319 uirum
1032 2254 1229 2321 Uitalianum
1243 2252 1370 2317 reduxit

223 2364 262 2428 ad
289 2362 442 2447 gratiam
472 2368 673 2427 accusatores
702 2381 829 2445 quoque
858 2362 926 2427 eius
951 2381 1009 2427 suo
1033 2361 1194 2443 praecepit
1217 2360 1368 2444 episcopo

222 2469 412 2553 supplicare.
436 2469 583 2536 monachi
602 2489 677 2534 uero
698 2489 771 2534 curn
792 2469 941 2534 similiter
960 2468 999 2534 ad
1018 2468 1219 2536 concordiam
1239 2486 1368 2551 quaere·

220 2579 340 2651 rentur,
358 2575 437 2660 fuga
454 2576 537 2659 lapsi
556 2576 738 2640 maluerunt
761 2576 799 2640 de
824 2575 954 2640 ciuitate
979 2575 1151 2648 disce<de>
1160 2595 1194 2640 re
1214 2573 1370 2658 quemad

178 2683 422 2751 8conoordiam
462 2683 639 2765 peruenire.
712 2701 904 2768 magnopere
945 2681 1099 2765 praedicti
1139 2681 1287 2746 monachi
1329 2681 1370 2747 ad
1388 2715 1414 2756 ,ο

221 2789 346 2853 Italiam
374 2788 539 2855 uenientes
568 2789 730 2880 aliquan-ta
759 2788 899 2873 capitula
925 2808 1098 2872 proponere
1125 2787 1252 2865 hebent,
1286 2788 1370 2853 inter

221 2913 301 2977 quae
331 2897 364 2959 et
390 2897 499 2959 ‘unum
528 2895 566 2959 de
593 2895 735 2960 trinitate
765 2895 960 2960 crucifixum'
988 2894 1178 2972 continetur,
1204 2899 1369 2978 sperantes

219 3003 267 3068 ita
290 3001 469 3067 confirmari
492 3019 529 3065 en
552 3002 741 3069 auctoritate
764 3001 973 3068 beatitudinis
997 3005 1134 3067 uestrae.
1164 3001 1249 3066 sicut
1277 3005 1310 3067 et
1335 3003 1369 3067 in

222 3109 294 3173 aliis
325 3107 443 3172 litteris
473 3106 737 3192 significcnimus,
768 3111 800 3172 et
826 3108 921 3172 modo
950 3108 1010 3172 hoc
1039 3107 1186 3184 dicimus,
1215 3110 1253 3172 ut
1281 3107 1368 3173 nulla

221 3215 348 3281 nouitas
373 3234 391 3278 a
414 3213 487 3279 sede
512 3213 689 3298 apostolica
712 3214 879 3292 scribatur,
904 3213 979 3297 quia
1001 3216 1032 3279 et
1055 3232 1113 3279 nos
1138 3215 1209 3278 ante
1232 3213 1368 3296 impera·
1387 3247 1414 3289 ns

177 3326 322 3393 9torem
359 3324 391 3386 et
429 3325 501 3385 ante
539 3324 685 3386 senatum
722 3320 784 3386 hoc
820 3321 1034 3386 iudicauimus
1073 3321 1231 3386 diceutes:
1273 3323 1369 3386 ‘extra

221 3428 359 3512 synodos
387 3430 548 3511 quattuor,
577 3432 664 3492 entra
693 3427 846 3510 epistolas
874 3446 974 3512 papae
1001 3429 1116 3493 Leonis
1144 3447 1202 3493 nec
1230 3425 1367 3493 dicimus

220 3555 279 3602 nec
301 3535 517 3612 admittimus3
543 3535 695 3617 quicquid
714 3554 776 3601 non
797 3535 978 3600 continetur
995 3535 1027 3599 in
1045 3535 1217 3617 praedictis
1237 3535 1366 3619 synodis

221 3646 277 3707 aut
310 3642 394 3725 quod
421 3663 482 3708 non
512 3645 562 3708 est
590 3643 744 3726 scriptum
775 3663 792 3708 a
820 3661 901 3726 papa
928 3642 1041 3721 Leone,
1070 3661 1131 3706 non
1160 3640 1366 3724 suscipimus,

221 3749 297 3832 quia
320 3750 348 3817 si
371 3750 510 3814 noluerit
533 3749 668 3814 domnus
691 3753 801 3816 noster
824 3748 1004 3831 qualemuis
1024 3749 1201 3814 nouitatem
1220 3747 1365 3824 scribere,
1385 3781 1413 3820 ω

220 3856 312 3938 peius
346 3855 405 3920 erit
436 3855 524 3920 istud
555 3856 682 3921 initium
715 3875 811 3938 quam
842 3854 935 3934 illud,
969 3857 1052 3938 quod
1085 3857 1205 3921 factum
1235 3856 1284 3919 est
1311 3872 1366 3937 per

259 4077 374 4145 lquarn
393 4075 493 4130 addidi
563 4076 627 4132 hinc
647 4075 828 4130 discesserunt
847 4075 916 4130 Bar.
990 4077 1204 4147 3subreperep
1269 4079 1364 4132 atho-

220 4164 323 4235 mitene
346 4165 372 4216 V
479 4166 512 4221 rb
530 4166 577 4219 ubi
601 4166 638 4220 V.-
656 4167 699 4219 cui
718 4165 789 4219 Bar.
892 4167 924 4218 12
943 4165 1100 4234 paccariV
1183 4167 1215 4220 15
1235 4167 1363 4220 interesse

220 4254 301 4308 iussit
317 4255 429 4322 scripsi.-
446 4255 597 4308 int-eriussit
616 4271 674 4307 esse
698 4254 730 4319 V,
748 4253 919 4308 interfuimus
942 4253 1005 4310 Car.
1044 4255 1076 4308 19
1095 4253 1198 4309 discere
1217 4255 1248 4322 V,
1268 4271 1362 4310 corno

221 4370 256 4424 25
274 4365 329 4440 imp
353 4371 380 4423 V
430 4335 572 4425 271f1'1V
625 4371 658 4424 31
678 4370 786 4424 initium
811 4371 847 4424 V:
866 4369 962 4424 uitium
981 4371 1051 4426 Bar.
