3025 4975
213 430 276 495 550
544 428 691 482 Hormisde
710 428 844 499 episcopis
863 428 1020 482 orthodoxia

212 622 250 687 da
284 622 464 687 sinceritate
493 622 567 688 fidei
595 624 730 697 uestrae,
760 623 804 687 ita
834 622 872 687 de
895 622 1045 688 firmitate
1073 642 1195 689 merear
1222 624 1360 709 gaudere

168 729 187 789 2
213 730 420 794 constantiae.
467 728 549 794 unde
579 732 612 793 et
639 732 770 811 aspectu
799 729 947 795 interiore
970 748 1030 795 uos
1057 729 1186 796 intuens
1210 731 1250 795 ad
1278 730 1360 795 desi-

214 835 335 901 derium
365 836 565 917 colloquendi
592 836 763 901 uobiscum
787 840 953 920 promptus
978 836 1125 920 adsurgo,
1150 840 1188 901 ut
1210 842 1243 902 et
1265 837 1359 903 dilec-

212 944 330 1008 tionem
364 944 446 1009 circa
474 944 568 1007 deum
596 945 735 1008 uestram
764 943 919 1007 litterario
947 962 1091 1009 sermone
1119 964 1300 1009 remunerer
1328 948 1361 1009 et

215 1070 304 1131 spem
335 1050 476 1133 paginali
508 1050 726 1116 adhortatione
764 1048 945 1115 confirmem
982 1054 1078 1133 atque
1114 1051 1160 1116 ita
1191 1050 1252 1127 bis,
1285 1069 1360 1115 cum
1392 1074 1406 1113 a

215 1156 331 1239 quibus
359 1157 438 1221 mihi
461 1160 511 1222 est
534 1157 728 1222 consortium
757 1160 884 1221 sanctae
913 1158 1156 1236 communionis,
1183 1158 1359 1223 iucundum

214 1263 343 1327 reddam
371 1264 590 1328 testimoninm
619 1264 772 1328 caritatis.
802 1281 865 1328 non
894 1264 978 1329 euim
1006 1264 1128 1330 sufficit
1155 1264 1260 1329 animo
1287 1282 1359 1329 meo

216 1369 253 1434 de
277 1369 369 1435 uobis
394 1388 463 1435 esso
488 1390 646 1448 securum,
670 1371 733 1434 nisi
757 1371 923 1435 ostendero
946 1370 1039 1435 illum
1058 1390 1194 1453 quoque,
1219 1389 1280 1452 quo
1299 1388 1361 1435 nos

216 1477 418 1558 complector,
453 1477 611 1543 affectum.
645 1478 804 1559 siquidem
837 1477 976 1543 declarat
1011 1496 1046 1542 se
1077 1496 1139 1542 non
1172 1498 1208 1543 er
1239 1476 1360 1541 indicio

216 1582 321 1647 odisse
351 1602 368 1647 a
396 1583 447 1647 dei
479 1583 647 1649 dilectione
676 1584 809 1663 diuisos,
839 1585 893 1667 qui
920 1588 1029 1667 potest
1055 1605 1116 1649 non
1150 1604 1254 1649 amare
1289 1602 1362 1649 con·
1383 1608 1410 1647 ιο

173 1688 350 1755 31111101.
405 1690 557 1756 benedico
588 1690 688 1775 igitur
711 1692 817 1781 deum,
843 1692 919 1756 dnm
947 1692 1107 1757 feruorem
1134 1692 1208 1757 fidei
1235 1692 1362 1755 nesbae

215 1797 298 1860 inter
319 1798 474 1879 procellas
502 1797 605 1861 uarias
630 1798 662 1862 et
684 1800 913 1881 tempestatum
941 1796 1075 1863 aduersa
1098 1796 1273 1864 considero.
1301 1814 1362 1861 uos

217 1922 342 1985 qnoque
365 1912 403 1967 ut
426 1922 520 1986 super
544 1904 593 1968 bis
616 1904 769 1987 pietatem
797 1904 867 1969 cius
890 1904 1085 1988 glorificetis,
1108 1904 1252 1969 uberiore
1276 1902 1362 1967 exul·

216 2010 335 2075 tatione
359 2011 487 2089 suadeo,
507 2010 562 2091 qui
586 2010 759 2075 electorum
784 2029 914 2075 suorum
938 2014 1059 2075 mentes
1085 2031 1146 2093 quo
1167 2010 1362 2093 acceptiores

217 2116 279 2181 sibi
302 2116 422 2194 reddat,
448 2116 603 2183 examinat
627 2119 659 2181 et
681 2116 761 2182 licet
783 2117 927 2201 cognitos
952 2117 1013 2181 sibi
1038 2117 1228 2199 quibusdam
1254 2120 1362 2183 tamen
1385 2142 1411 2181 11

218 2222 461 2288 difficultatibus
488 2224 620 2306 probat·
636 2226 673 2288 ut
695 2224 854 2289 iustitiam
878 2242 1005 2307 quoque
1027 2225 1132 2289 inesse
1161 2224 1253 2298 dono,
1278 2224 1365 2307 quod

218 2330 361 2413 largitur,
390 2330 546 2395 ostendat.
575 2332 670 2413 atque
692 2330 765 2397 ideo
793 2330 998 2413 pertinaciter
1019 2331 1101 2395 bono
1125 2350 1184 2395 uos
1213 2332 1367 2396 conuenit

218 2436 381 2501 imminere
412 2437 575 2520 proposito
602 2456 659 2502 noc
687 2438 718 2502 in
747 2438 812 2514 uia,
842 2456 922 2521 quae
951 2436 1040 2503 ducit
1071 2436 1111 2502 ad
1143 2438 1222 2503 caeli
1254 2456 1364 2523 regna,

176 2543 362 2608 ddelicere.
391 2545 444 2626 qui
472 2545 613 2608 intuetur
641 2545 792 2609 dominici
822 2564 952 2610 munera
978 2564 1040 2609 non
1068 2546 1266 2610 aestimanda
1293 2566 1365 2629 pro·
1501 2620 1502 2623 Ἴ

218 2649 320 2727 missi,
357 2651 477 2715 nullius
513 2653 621 2735 potest
650 2655 831 2733 respectum
863 2652 978 2716 babere
1009 2651 1152 2735 periculi.
1185 2671 1247 2717 non
1278 2652 1364 2718 enim
1383 2677 1411 2716 eo
1501 2638 1502 2641 ¹

220 2757 338 2840 frangit
378 2757 586 2824 consideratio
627 2760 842 2842 praesentium
878 2760 1046 2838 malorum,
1082 2759 1144 2824 nisi
1183 2759 1365 2824 futurorum

219 2865 373 2929 bonorum
397 2865 505 2930 uinoat
528 2865 657 2944 obliuio,
683 2865 808 2948 quando
833 2885 956 2930 omnem
981 2866 1223 2932 amaritudinem
1245 2865 1366 2930 laboris

221 2970 369 3049 excludit,
412 2971 464 3052 qui
507 2972 705 3037 dulcedinem
739 2973 817 3056 spei,
848 2992 927 3056 quae
960 2976 1154 3055 expectatur,
1179 2973 1364 3038 ammiserit.

220 3095 300 3158 quae
325 3077 408 3142 enim
434 3077 607 3143 difficultas
636 3077 828 3143 beatitudini
850 3099 908 3162 par
930 3083 981 3144 est
1003 3082 1059 3143 aut
1082 3097 1162 3162 quae
1191 3077 1366 3163 condignae

220 3183 368 3265 praemiis
391 3185 554 3267 passiones
578 3186 616 3250 ad
640 3186 781 3249 futuram
806 3187 931 3251 scilicet
954 3186 1099 3270 gloriam,
1123 3184 1253 3268 quaein
1272 3185 1366 3250 nobis
1385 3211 1413 3249 as

179 3293 197 3355 5
222 3291 365 3372 apostolo
381 3291 583 3357 annuntiante
597 3291 814 3357 reuelabitur?
860 3293 1001 3357 absitus
1020 3293 1190 3377 quicquam
1209 3311 1228 3357 a
1246 3291 1368 3358 Christi

222 3396 352 3462 caritate
375 3418 432 3462 nos
456 3401 596 3480 separet!
627 3403 743 3482 quanta
771 3403 821 3464 est
848 3399 1022 3477 tribulatio,
1048 3399 1075 3464 si
1103 3400 1236 3484 gloriam
1259 3400 1367 3483 parit?

222 3505 353 3570 materia
375 3524 596 3588 prosperorum
620 3509 679 3584 est,
704 3525 784 3588 quae
807 3510 939 3590 putatur
962 3506 1149 3572 aduersitas.
1179 3507 1253 3570 dum
1277 3506 1368 3571 inoli-

222 3631 342 3690 namur,
367 3611 528 3696 erigimur.
553 3631 645 3677 nemo
669 3612 800 3678 baberet
821 3613 961 3677 futuram
985 3613 1281 3681 remunerationem.
1304 3613 1368 3677 nisi

223 3718 429 3783 necessitates
470 3721 685 3801 praesentium
726 3720 908 3786 sustimret.
955 3719 1072 3798 uidete,
1115 3723 1231 3802 quanto
1274 3738 1368 3802 opere
1386 3743 1415 3783 ao

314 3926 348 3978 25
368 3943 406 3996 sq.
427 3926 459 3980 ci.
478 3927 555 3981 Rom.
576 3929 600 3992 8,
622 3927 654 3982 18

261 4049 394 4102 deffectu
419 4049 449 4112 V,
469 4066 572 4121 comp
637 4053 670 4105 14
690 4052 848 4106 allectorum
871 4053 898 4106 V
967 4069 1020 4122 quo
1040 4052 1206 4123 acceptiores
1226 4053 1368 4106 011111-

225 4138 390 4207 acceptiores
413 4138 440 4191 V
505 4141 537 4193 15
558 4140 693 4193 examinat
715 4140 793 4194 Coa:
812 4142 932 4195 examine
958 4141 980 4192 V
1043 4142 1075 4195 17
1093 4140 1179 4194 bonos
1202 4140 1233 4204 V,
1252 4156 1322 4196 corr.
1342 4139 1371 4210 p²

227 4254 259 4306 19
279 4209 452 4306 (1111111οὲ11
486 4256 519 4307 22
535 4261 593 4308 ome
609 4254 635 4308 V
667 4255 702 4309 23
717 4255 897 4311 admiserito:
914 4257 1074 4311 amiseritV
1108 4257 1143 4310 24
1157 4256 1321 4310 dificultatea
1335 4253 1368 4320 V,

226 4357 329 4410 corr.p
398 4343 432 4398 26
452 4343 588 4397 abscitV
658 4361 707 4398 nce
731 4344 763 4409 V,
783 4361 852 4400 corr.
873 4346 900 4414 52²
967 4347 1001 4400 29
1021 4347 1136 4415 erigitur
1158 4345 1190 4410 V,
1211 4361 1278 4400 corr.
1298 4343 1369 4397 Bar.
