3025 4975
234 414 298 480 662
471 416 616 470 Hormisda
633 416 813 487 Euphemiam,
832 416 978 471 Hormisda
996 418 1147 487 Epiphanio

751 612 860 696 (eoa.)

278 757 434 802 nonunsns
449 757 598 801 numurus
613 756 790 802 AUGUSTAE.
838 736 933 802 Orare
948 756 1006 803 nos
1022 743 1055 803 et
1069 758 1124 822 pro
1140 741 1248 803 uestra
1262 738 1378 804 incolo-

233 845 345 909 mitate
380 845 437 910 deo
471 848 580 910 nostro
608 849 684 909 uota
711 845 893 925 persoluere
923 864 996 909 eum
1025 846 1255 911 catholicorum
1284 846 1377 910 etiam

235 954 329 1016 coctu
353 952 421 1016 sine
445 952 622 1016 cessatione
645 950 832 1033 pontificum
857 971 916 1016 non
941 955 1066 1016 uestrae
1086 952 1228 1017 studium
1250 953 1377 1017 exorati·

236 1058 303 1123 onis
336 1058 453 1122 inuitat
486 1057 542 1123 sed
575 1058 728 1122 deuotum
761 1063 856 1141 atque
889 1058 1063 1140 persistens
1096 1058 1129 1123 in
1162 1058 1378 1124 ecclesiastica
1405 1064 1418 1104 ⁵

190 1164 383 1240 2stimnlat
420 1164 639 1229 conciliatione
678 1166 888 1247 propositum.
928 1166 1000 1247 quis
1034 1166 1118 1229 enim
1151 1166 1189 1229 ab
1222 1165 1378 1231 haeretica

235 1275 423 1356 segregatus
451 1272 683 1353 conspiratione
712 1291 746 1336 se
776 1266 994 1357 teneat,'quis
1024 1271 1095 1337 aliis
1123 1272 1155 1336 in
1185 1290 1243 1337 sua
1271 1276 1380 1337 utatur

235 1378 455 1460 deprecatione
483 1379 657 1462 principiis,
686 1378 748 1443 nisi
778 1382 814 1443 ut
836 1378 929 1444 uobis
955 1380 1222 1462 serenissimoque
1246 1378 1378 1462 principi

233 1484 334 1569 iugali
355 1486 461 1550 uestro
483 1488 514 1551 et
532 1486 601 1550 uita
620 1486 663 1549 sit
680 1485 805 1569 longior
825 1486 913 1550 etad
933 1486 1152 1569 prosperitatis
1173 1489 1378 1571 augmentum

235 1592 336 1675 gratia
365 1591 472 1656 diuina
494 1592 674 1675 proximior,
699 1594 753 1674 qui
777 1592 922 1669 ini<ti>a
944 1592 1048 1657 felicis
1072 1592 1196 1675 imperii
1221 1591 1379 1675 plectendi
1397 1597 1421 1635 ¹⁰

235 1697 486 1763 execrationibus
510 1700 721 1763 consecrastis
746 1699 860 1764 erroris
885 1701 918 1763 et
941 1698 1074 1764 amicam
1099 1699 1224 1765 diabolo
1249 1698 1380 1781 pacifica

190 1806 401 1887 3expulistis
442 1806 617 1870 intentione
660 1806 875 1870 discordiam?
944 1807 1025 1869 unde
1067 1825 1149 1871 nunc
1192 1805 1285 1871 decet
1320 1824 1379 1870 uos

234 1912 449 1977 laudabilibus
478 1912 599 1993 coeptis
627 1912 774 1977 insistere
803 1916 836 1976 et
862 1931 918 1995 per
945 1916 1050 1977 totum
1075 1913 1182 1976 orbem
1206 1914 1380 1994 perfectam

236 2039 383 2103 spargare
397 2019 597 2084 medicinam.
614 2019 688 2101 quia
703 2018 830 2084 Christo
845 2019 944 2084 maior
958 2038 1109 2084 numerus
1125 2018 1233 2103 gregis
1253 2019 1379 2084 oblatus

234 2126 410 2191 mercedem
450 2125 642 2190 confidenter
683 2126 782 2209 erigit
821 2126 999 2209 largiorem.
1041 2126 1124 2190 inter
1166 2145 1245 2208 quae
1288 2142 1380 2190 curae
1399 2126 1422 2165 ²⁵

235 2235 362 2298 uestrae
395 2233 448 2307 sit,
481 2236 520 2296 ut
549 2234 673 2296 nullum
707 2235 833 2297 sanatas
866 2232 1052 2297 iamdudum
1081 2250 1232 2316 personas
1261 2232 1380 2297 uulnus

235 2338 355 2404 afficiat
388 2339 443 2403 sed
476 2339 706 2404 communionis
740 2340 846 2403 unitas
879 2357 1030 2424 magnum
1063 2338 1107 2405 sit
1142 2339 1285 2403 iustitiae
1322 2338 1380 2402 im-

192 2446 403 2531 4petrandae
441 2446 638 2530 suffragium.
677 2465 871 2530 quaesumus
908 2466 1053 2530 namque,
1096 2449 1133 2513 ut
1173 2446 1301 2512 tandem
1344 2444 1381 2509 do

235 2553 472 2618 uenerabilibus
501 2553 650 2618 fratribus
679 2562 710 2618 et
734 2554 932 2637 coepiscopis
966 2554 1082 2618 nostris
1106 2553 1200 2618 Helia
1228 2553 1382 2617 Thomala

237 2663 333 2743 atque
360 2660 553 2737 Nicostrato,
584 2660 668 2742 quod
692 2661 944 2725 sacrissimorurn
972 2679 1126 2726 canonum
1151 2661 1251 2725 dictat
1275 2663 1381 2724 aucto·
1399 2669 1425 2706 ²⁰
1503 2701 1504 2717 i

235 2767 323 2838 ritas,
348 2766 441 2831 uobis
465 2767 706 2832 decernentibus
731 2767 910 2851 impleatur,
935 2787 971 2832 ne
995 2767 1162 2832 uideantur
1182 2769 1218 2831 ut
1238 2769 1382 2830 auctores

237 2873 372 2937 alicuius
410 2874 497 2950 mali,
532 2873 617 2956 qnod
653 2875 748 2957 primi
788 2873 827 2938 ad
863 2875 1019 2938 unitatem
1061 2872 1146 2937 sedis
1189 2872 1382 2956 apostolieae

237 2979 439 3056 festinarunt,
463 2981 495 3044 in
521 2982 681 3045 communi
703 2981 842 3046 omniurn
864 2981 980 3065 gaudio
1000 2980 1061 3046 soli
1079 2979 1235 3045 meruisse
1254 2977 1383 3061 percelli

239 3089 272 3150 et
294 3085 326 3150 in
350 3087 432 3151 laeto
456 3087 609 3152 laudabili
631 3087 751 3152 uictam
775 3088 932 3170 personali
957 3085 1029 3151 odio
1054 3086 1191 3151 cessisse
1214 3085 1381 3150 iustitiam.

194 3202 214 3263 5
238 3193 355 3257 nostris
380 3213 455 3278 ergo
478 3195 627 3276 precibus
647 3195 730 3278 apud
750 3194 1035 3260 clementissimum
1055 3193 1237 3276 Augustum
1257 3193 1382 3256 uestras
1400 3200 1426 3241 ²⁵
1501 3253 1502 3264 ,

239 3298 413 3384 adiungite,
446 3304 484 3366 ut
515 3301 666 3377 fructum,
696 3321 791 3384 quem
819 3300 884 3365 illis
913 3303 1040 3382 patrum
1068 3301 1198 3384 regulae
1225 3299 1324 3363 tribui
1352 3299 1384 3360 et

238 3408 417 3472 conseruari
436 3407 644 3492 praecipiunt,
664 3408 793 3472 inimica
812 3406 1034 3492 tergiuersatio
1054 3407 1175 3471 auferre
1195 3425 1255 3472 non
1270 3403 1382 3488 possit.

273 3597 338 3652 aoo.
374 3597 443 3651 nar.
462 3603 494 3650 ur
512 3614 553 3665 ep.
572 3600 641 3651 aaa.
683 3596 757 3651 ssu.
781 3596 844 3650 oar.
864 3595 894 3648 1²
915 3600 976 3662 511;
998 3595 1106 3649 eorreu.
1129 3594 1250 3662 conara
1266 3593 1386 3648 enar
1463 3577 1466 3587 ’

240 3689 313 3753 434;
334 3685 412 3739 dirici
431 3689 505 3753 890,·
523 3685 879 3740 commemoratllaruda.
893 3687 1030 3741 519.134.
1069 3670 1190 3738 daffiV
1224 3684 1336 3738 tinuite
1351 3681 1383 3744 V,
1499 3743 1500 3746 Ἴ

238 3789 305 3828 corr.
324 3771 352 3823 ο2
392 3771 645 3827 dreconciliatione
667 3772 731 3827 Car.
774 3773 969 3842 7segragatus
994 3772 1024 3838 V,
1045 3787 1113 3826 corr.
1134 3791 1151 3824 α
1193 3771 1226 3825 10
1244 3771 1325 3824 initia
1343 3769 1381 3826 0²:
1499 3753 1500 3811 l

238 3863 294 3916 inia
316 3861 343 3914 V
378 3861 409 3914 ll
431 3861 593 3914 consecratis
617 3861 647 3925 V,
667 3878 736 3917 corr.
760 3863 823 3916 Car.
867 3863 900 3915 16
920 3861 1036 3916 Satanas
1056 3861 1212 3914 iamdudum
1233 3865 1382 3930 prostratus

237 3950 336 4004 uulnus
360 3948 463 4003 afficiat
487 3949 600 4017 (afficiat
622 3950 686 4004 edit.
708 3952 774 4020 rep.)
802 3951 866 4005 Car.
973 3952 1005 4005 17
1029 3949 1185 4021 imperando
1214 3949 1246 4014 V,
1271 3965 1339 4004 corr.
1359 3947 1385 4018 ρ’
1498 3963 1499 3978 ’

238 4039 273 4093 20
292 4037 534 4092 sacratissimorum
554 4056 571 4088 α
625 4040 658 4092 23
679 4039 861 4093 commoniV
