<?xml version="1.0" encoding="UTF-8"?>
<!DOCTYPE html PUBLIC "-//W3C//DTD XHTML 1.0 Transitional//EN"
    "http://www.w3.org/TR/xhtml1/DTD/xhtml1-transitional.dtd">
<html xmlns="http://www.w3.org/1999/xhtml" xml:lang="en" lang="en">
 <head>
  <title>
</title>
<meta http-equiv="Content-Type" content="text/html;charset=utf-8" />
  <meta name='ocr-system' content='tesseract 3.04.00' />
  <meta name='ocr-capabilities' content='ocr_page ocr_carea ocr_par ocr_line ocrx_word'/>
</head>
<body>
  <div class='ocr_page' id='page_1' title='image "./corpusscriptoru02wiengoog_0291.png"; bbox 0 0 3025 4975; ppageno 0'>
   <div class='ocr_carea' id='block_1_1' title="bbox 488 453 1281 524">
    <p class='ocr_par' dir='ltr' id='par_1_1' title="bbox 488 453 1281 524">
     <span class='ocr_line' id='line_1_1' title="bbox 488 453 1281 524; baseline 0.018 -16"><span class='ocrx_word' id='word_1_1' title='bbox 488 455 576 524; x_wconf 85' lang='lat' dir='ltr'>Epist.</span> <span class='ocrx_word' id='word_1_2' title='bbox 596 453 797 509; x_wconf 85' lang='lat' dir='ltr'>CCXXXXIIII</span> <span class='ocrx_word' id='word_1_3' title='bbox 815 453 931 509; x_wconf 77' lang='lat'><strong>87-92.</strong></span> <span class='ocrx_word' id='word_1_4' title='bbox 1218 457 1281 522; x_wconf 79' lang='grc'>769</span> 
     </span>
    </p>
   </div>
   <div class='ocr_carea' id='block_1_2' title="bbox 102 647 1341 3504">
    <p class='ocr_par' dir='ltr' id='par_1_2' title="bbox 102 647 1341 3504">
     <span class='ocr_line' id='line_1_2' title="bbox 141 647 1282 732; baseline -0.001 -18"><span class='ocrx_word' id='word_1_5' title='bbox 141 649 222 715; x_wconf 86' lang='grc'><strong>31333</strong></span> <span class='ocrx_word' id='word_1_6' title='bbox 237 650 269 712; x_wconf 89' lang='grc'>13</span> <span class='ocrx_word' id='word_1_7' title='bbox 287 653 421 732; x_wconf 91' lang='lat' dir='ltr'>utroque</span> <span class='ocrx_word' id='word_1_8' title='bbox 436 652 542 714; x_wconf 89' lang='lat' dir='ltr'>monte</span> <span class='ocrx_word' id='word_1_9' title='bbox 564 647 689 714; x_wconf 84' lang='lat' dir='ltr'>Ganzin</span> <span class='ocrx_word' id='word_1_10' title='bbox 710 653 742 715; x_wconf 91' lang='lat' dir='ltr'>et</span> <span class='ocrx_word' id='word_1_11' title='bbox 762 649 864 714; x_wconf 84' lang='lat' dir='ltr'>Gebal</span> <span class='ocrx_word' id='word_1_12' title='bbox 883 650 986 713; x_wconf 87' lang='lat' dir='ltr'>tribus</span> <span class='ocrx_word' id='word_1_13' title='bbox 1004 647 1142 714; x_wconf 87' lang='lat' dir='ltr'>liliorum</span> <span class='ocrx_word' id='word_1_14' title='bbox 1162 650 1282 714; x_wconf 81' lang='lat' dir='ltr'>Israhel</span> 
     </span>
     <span class='ocr_line' id='line_1_3' title="bbox 141 757 409 822; baseline 0.004 -2"><span class='ocrx_word' id='word_1_15' title='bbox 141 757 299 821; x_wconf 81' lang='lat' dir='ltr'>ordinatae</span> <span class='ocrx_word' id='word_1_16' title='bbox 324 759 409 822; x_wconf 89' lang='lat' dir='ltr'>sunt.</span> 
     </span>
     <span class='ocr_line' id='line_1_4' title="bbox 183 861 1336 946; baseline -0.002 -18"><span class='ocrx_word' id='word_1_17' title='bbox 183 861 245 942; x_wconf 84' lang='lat' dir='ltr'>Qui</span> <span class='ocrx_word' id='word_1_18' title='bbox 274 867 400 928; x_wconf 90' lang='lat' dir='ltr'>montes</span> <span class='ocrx_word' id='word_1_19' title='bbox 425 881 462 927; x_wconf 86' lang='lat' dir='ltr'>ex</span> <span class='ocrx_word' id='word_1_20' title='bbox 485 863 619 928; x_wconf 87' lang='lat' dir='ltr'>aduerso</span> <span class='ocrx_word' id='word_1_21' title='bbox 645 863 705 927; x_wconf 88' lang='lat' dir='ltr'>sibi</span> <span class='ocrx_word' id='word_1_22' title='bbox 731 867 904 928; x_wconf 88' lang='lat' dir='ltr'>cernuntur</span> <span class='ocrx_word' id='word_1_23' title='bbox 927 863 1067 946; x_wconf 90' lang='lat' dir='ltr'>oppositi</span> <span class='ocrx_word' id='word_1_24' title='bbox 1089 863 1120 927; x_wconf 91' lang='lat' dir='ltr'>in</span> <span class='ocrx_word' id='word_1_25' title='bbox 1146 861 1283 928; x_wconf 87' lang='lat' dir='ltr'>Orientis</span> <span class='ocrx_word' id='word_1_26' title='bbox 1293 864 1336 927; x_wconf 84' lang='lat'>89</span> 
     </span>
     <span class='ocr_line' id='line_1_5' title="bbox 139 967 1283 1053; baseline 0 -19"><span class='ocrx_word' id='word_1_27' title='bbox 139 973 234 1051; x_wconf 86' lang='lat' dir='ltr'>parte,</span> <span class='ocrx_word' id='word_1_28' title='bbox 269 970 326 1035; x_wconf 93' lang='lat' dir='ltr'>ubi</span> <span class='ocrx_word' id='word_1_29' title='bbox 358 968 508 1035; x_wconf 80' lang='lat' dir='ltr'>Hiericho</span> <span class='ocrx_word' id='word_1_30' title='bbox 543 971 605 1034; x_wconf 90' lang='lat' dir='ltr'>sita</span> <span class='ocrx_word' id='word_1_31' title='bbox 640 973 699 1042; x_wconf 88' lang='lat' dir='ltr'>est,</span> <span class='ocrx_word' id='word_1_32' title='bbox 732 970 818 1034; x_wconf 89' lang='lat' dir='ltr'>ultro</span> <span class='ocrx_word' id='word_1_33' title='bbox 850 971 958 1034; x_wconf 87' lang='lat' dir='ltr'>locum</span> <span class='ocrx_word' id='word_1_34' title='bbox 991 967 1145 1053; x_wconf 81' lang='lat' dir='ltr'>Galgalae</span> <span class='ocrx_word' id='word_1_35' title='bbox 1175 968 1283 1052; x_wconf 86' lang='lat' dir='ltr'>ibique</span> 
     </span>
     <span class='ocr_line' id='line_1_6' title="bbox 113 1075 1284 1158; baseline 0.003 -22"><span class='ocrx_word' id='word_1_36' title='bbox 113 1078 317 1142; x_wconf 78' lang='lat' dir='ltr'>areferuntur</span> <span class='ocrx_word' id='word_1_37' title='bbox 362 1077 562 1142; x_wconf 82' lang='lat' dir='ltr'>benedixisse</span> <span class='ocrx_word' id='word_1_38' title='bbox 604 1077 724 1141; x_wconf 82' lang='lat' dir='ltr'>lsrubel</span> <span class='ocrx_word' id='word_1_39' title='bbox 766 1076 810 1152; x_wconf 83' lang='grc'><strong>131,</strong></span> <span class='ocrx_word' id='word_1_40' title='bbox 853 1077 909 1158; x_wconf 92' lang='grc'>331</span> <span class='ocrx_word' id='word_1_41' title='bbox 949 1077 981 1140; x_wconf 89' lang='grc'>13</span> <span class='ocrx_word' id='word_1_42' title='bbox 1023 1079 1132 1140; x_wconf 89' lang='lat' dir='ltr'>monte</span> <span class='ocrx_word' id='word_1_43' title='bbox 1179 1075 1284 1142; x_wconf 85' lang='lat' dir='ltr'>Garizi</span> 
     </span>
     <span class='ocr_line' id='line_1_7' title="bbox 140 1183 1282 1266; baseline -0.002 -18"><span class='ocrx_word' id='word_1_44' title='bbox 140 1185 354 1249; x_wconf 76' lang='lat' dir='ltr'>consistebant</span> <span class='ocrx_word' id='word_1_45' title='bbox 368 1185 526 1249; x_wconf 88' lang='lat' dir='ltr'>dicentes:</span> <span class='ocrx_word' id='word_1_46' title='bbox 545 1185 795 1249; x_wconf 90' lang='lat' dir='ltr'>benedictus</span> <span class='ocrx_word' id='word_1_47' title='bbox 815 1184 884 1266; x_wconf 91' lang='lat' dir='ltr'>qui</span> <span class='ocrx_word' id='word_1_48' title='bbox 903 1184 1007 1248; x_wconf 83' lang='lat' dir='ltr'>facit</span> <span class='ocrx_word' id='word_1_49' title='bbox 1024 1183 1282 1248; x_wconf 84' lang='lat' dir='ltr'>uoluntatem</span> 
     </span>
     <span class='ocr_line' id='line_1_8' title="bbox 141 1289 1285 1374; baseline -0.001 -20"><span class='ocrx_word' id='word_1_50' title='bbox 141 1291 300 1368; x_wconf 77' lang='lat' dir='ltr'>domini,</span> <span class='ocrx_word' id='word_1_51' title='bbox 324 1294 356 1354; x_wconf 90' lang='lat' dir='ltr'>et</span> <span class='ocrx_word' id='word_1_52' title='bbox 379 1309 441 1354; x_wconf 80' lang='grc'>333</span> <span class='ocrx_word' id='word_1_53' title='bbox 465 1291 652 1355; x_wconf 83' lang='lat' dir='ltr'>audiebatur</span> <span class='ocrx_word' id='word_1_54' title='bbox 670 1291 839 1374; x_wconf 87' lang='lat' dir='ltr'>perplana</span> <span class='ocrx_word' id='word_1_55' title='bbox 858 1309 1053 1373; x_wconf 85' lang='lat' dir='ltr'>camporum,</span> <span class='ocrx_word' id='word_1_56' title='bbox 1071 1290 1127 1354; x_wconf 94' lang='lat' dir='ltr'>ubi</span> <span class='ocrx_word' id='word_1_57' title='bbox 1146 1289 1285 1373; x_wconf 87' lang='lat' dir='ltr'>populus</span> 
     </span>
     <span class='ocr_line' id='line_1_9' title="bbox 140 1396 1286 1474; baseline 0 -14"><span class='ocrx_word' id='word_1_58' title='bbox 140 1397 293 1474; x_wconf 78' lang='lat' dir='ltr'>adstabat,</span> <span class='ocrx_word' id='word_1_59' title='bbox 324 1401 356 1461; x_wconf 91' lang='lat' dir='ltr'>et</span> <span class='ocrx_word' id='word_1_60' title='bbox 382 1397 573 1462; x_wconf 83' lang='lat' dir='ltr'>innuebatur</span> <span class='ocrx_word' id='word_1_61' title='bbox 602 1397 641 1472; x_wconf 84' lang='grc'>31,</span> <span class='ocrx_word' id='word_1_62' title='bbox 669 1400 707 1461; x_wconf 90' lang='grc'>33</span> <span class='ocrx_word' id='word_1_63' title='bbox 735 1396 869 1461; x_wconf 87' lang='lat' dir='ltr'>diceret:</span> <span class='ocrx_word' id='word_1_64' title='bbox 893 1397 983 1474; x_wconf 81' lang='grc'><strong>1133,</strong></span> <span class='ocrx_word' id='word_1_65' title='bbox 1007 1396 1102 1460; x_wconf 87' lang='lat' dir='ltr'>fiat!</span> <span class='ocrx_word' id='word_1_66' title='bbox 1132 1415 1148 1460; x_wconf 90' lang='grc'>3</span> <span class='ocrx_word' id='word_1_67' title='bbox 1176 1400 1286 1460; x_wconf 86' lang='lat' dir='ltr'>contre</span> 
     </span>
     <span class='ocr_line' id='line_1_10' title="bbox 140 1501 1285 1585; baseline -0.002 -17"><span class='ocrx_word' id='word_1_68' title='bbox 140 1523 211 1568; x_wconf 90' lang='lat' dir='ltr'>uero</span> <span class='ocrx_word' id='word_1_69' title='bbox 235 1505 348 1568; x_wconf 87' lang='lat' dir='ltr'>Ruben</span> <span class='ocrx_word' id='word_1_70' title='bbox 373 1507 405 1568; x_wconf 91' lang='lat' dir='ltr'>et</span> <span class='ocrx_word' id='word_1_71' title='bbox 430 1503 498 1568; x_wconf 81' lang='lat' dir='ltr'>Gad</span> <span class='ocrx_word' id='word_1_72' title='bbox 519 1506 551 1568; x_wconf 90' lang='lat' dir='ltr'>et</span> <span class='ocrx_word' id='word_1_73' title='bbox 569 1503 683 1585; x_wconf 85' lang='lat' dir='ltr'>reliqui</span> <span class='ocrx_word' id='word_1_74' title='bbox 703 1522 776 1567; x_wconf 89' lang='lat' dir='ltr'>oum</span> <span class='ocrx_word' id='word_1_75' title='bbox 796 1503 842 1567; x_wconf 89' lang='lat' dir='ltr'>eis</span> <span class='ocrx_word' id='word_1_76' title='bbox 861 1503 892 1567; x_wconf 91' lang='lat' dir='ltr'>in</span> <span class='ocrx_word' id='word_1_77' title='bbox 914 1507 1022 1567; x_wconf 90' lang='lat' dir='ltr'>monte</span> <span class='ocrx_word' id='word_1_78' title='bbox 1043 1501 1144 1567; x_wconf 87' lang='lat' dir='ltr'>Gebal</span> <span class='ocrx_word' id='word_1_79' title='bbox 1163 1505 1285 1567; x_wconf 88' lang='lat' dir='ltr'>stantes</span> 
     </span>
     <span class='ocr_line' id='line_1_11' title="bbox 102 1610 1285 1692; baseline 0.003 -24"><span class='ocrx_word' id='word_1_80' title='bbox 102 1611 280 1674; x_wconf 81' lang='lat' dir='ltr'>roaiebant:</span> <span class='ocrx_word' id='word_1_81' title='bbox 312 1610 561 1675; x_wconf 85' lang='lat' dir='ltr'>maledictus</span> <span class='ocrx_word' id='word_1_82' title='bbox 608 1611 675 1692; x_wconf 93' lang='lat' dir='ltr'>qui</span> <span class='ocrx_word' id='word_1_83' title='bbox 722 1629 796 1674; x_wconf 93' lang='lat' dir='ltr'>non</span> <span class='ocrx_word' id='word_1_84' title='bbox 843 1610 945 1674; x_wconf 88' lang='grc'><strong>13313</strong></span> <span class='ocrx_word' id='word_1_85' title='bbox 991 1610 1138 1686; x_wconf 86' lang='lat' dir='ltr'>omnio,</span> <span class='ocrx_word' id='word_1_86' title='bbox 1181 1628 1285 1690; x_wconf 89' lang='lat' dir='ltr'>quae</span> 
     </span>
     <span class='ocr_line' id='line_1_12' title="bbox 140 1715 1283 1799; baseline -0.003 -18"><span class='ocrx_word' id='word_1_87' title='bbox 140 1718 294 1799; x_wconf 87' lang='lat' dir='ltr'>scripta</span> <span class='ocrx_word' id='word_1_88' title='bbox 318 1721 412 1781; x_wconf 90' lang='lat' dir='ltr'>sunt</span> <span class='ocrx_word' id='word_1_89' title='bbox 435 1717 473 1781; x_wconf 91' lang='grc'>13</span> <span class='ocrx_word' id='word_1_90' title='bbox 496 1717 578 1781; x_wconf 87' lang='grc'><strong>1313</strong></span> <span class='ocrx_word' id='word_1_91' title='bbox 602 1717 718 1790; x_wconf 76' lang='lat' dir='ltr'>libro,</span> <span class='ocrx_word' id='word_1_92' title='bbox 736 1718 768 1780; x_wconf 92' lang='lat' dir='ltr'>et</span> <span class='ocrx_word' id='word_1_93' title='bbox 782 1715 995 1798; x_wconf 87' lang='lat' dir='ltr'>respondebat</span> <span class='ocrx_word' id='word_1_94' title='bbox 1010 1715 1113 1780; x_wconf 89' lang='lat' dir='ltr'>omnis</span> <span class='ocrx_word' id='word_1_95' title='bbox 1128 1716 1283 1799; x_wconf 90' lang='lat' dir='ltr'>populus:</span> 
     </span>
     <span class='ocr_line' id='line_1_13' title="bbox 139 1821 1284 1906; baseline -0.001 -20"><span class='ocrx_word' id='word_1_96' title='bbox 139 1823 228 1900; x_wconf 91' lang='grc'><strong>1133,</strong></span> <span class='ocrx_word' id='word_1_97' title='bbox 263 1824 359 1888; x_wconf 86' lang='lat' dir='ltr'>fiat!</span> <span class='ocrx_word' id='word_1_98' title='bbox 392 1822 618 1906; x_wconf 88' lang='lat' dir='ltr'>interpretatur</span> <span class='ocrx_word' id='word_1_99' title='bbox 650 1825 757 1886; x_wconf 87' lang='lat' dir='ltr'>autom</span> <span class='ocrx_word' id='word_1_100' title='bbox 786 1821 862 1886; x_wconf 81' lang='lat' dir='ltr'>‘fiat&#39;</span> <span class='ocrx_word' id='word_1_101' title='bbox 888 1823 1012 1885; x_wconf 61' lang='lat' dir='ltr'>‘ament</span> <span class='ocrx_word' id='word_1_102' title='bbox 1040 1840 1113 1884; x_wconf 88' lang='lat' dir='ltr'>nam</span> <span class='ocrx_word' id='word_1_103' title='bbox 1141 1839 1238 1886; x_wconf 87' lang='lat' dir='ltr'>uoces</span> <span class='ocrx_word' id='word_1_104' title='bbox 1267 1840 1284 1885; x_wconf 93' lang='lat' dir='ltr'>e</span> 
     </span>
     <span class='ocr_line' id='line_1_14' title="bbox 139 1926 1339 2010; baseline 0 -16"><span class='ocrx_word' id='word_1_105' title='bbox 139 1929 260 1994; x_wconf 89' lang='lat' dir='ltr'>duobus</span> <span class='ocrx_word' id='word_1_106' title='bbox 280 1929 445 1994; x_wconf 89' lang='lat' dir='ltr'>montibus</span> <span class='ocrx_word' id='word_1_107' title='bbox 464 1929 546 1992; x_wconf 88' lang='lat' dir='ltr'>istae</span> <span class='ocrx_word' id='word_1_108' title='bbox 565 1928 765 1994; x_wconf 87' lang='lat' dir='ltr'>resonabant.</span> <span class='ocrx_word' id='word_1_109' title='bbox 788 1927 925 1993; x_wconf 83' lang='lat' dir='ltr'>Gerizim</span> <span class='ocrx_word' id='word_1_110' title='bbox 946 1927 1042 1991; x_wconf 89' lang='lat' dir='ltr'>etiam</span> <span class='ocrx_word' id='word_1_111' title='bbox 1059 1926 1339 2010; x_wconf 80' lang='lat' dir='ltr'>interpretaturtltl</span> 
     </span>
     <span class='ocr_line' id='line_1_15' title="bbox 138 2033 1284 2115; baseline -0.003 -15"><span class='ocrx_word' id='word_1_112' title='bbox 138 2041 168 2100; x_wconf 89' lang='lat' dir='ltr'>et</span> <span class='ocrx_word' id='word_1_113' title='bbox 189 2039 291 2100; x_wconf 84' lang='lat' dir='ltr'>‘mons</span> <span class='ocrx_word' id='word_1_114' title='bbox 316 2036 483 2099; x_wconf 88' lang='lat' dir='ltr'>liberatus‘</span> <span class='ocrx_word' id='word_1_115' title='bbox 506 2037 538 2099; x_wconf 92' lang='grc'>33</span> <span class='ocrx_word' id='word_1_116' title='bbox 561 2034 709 2098; x_wconf 89' lang='lat' dir='ltr'>‘concisio</span> <span class='ocrx_word' id='word_1_117' title='bbox 729 2033 889 2098; x_wconf 90' lang='lat' dir='ltr'>incolatus</span> <span class='ocrx_word' id='word_1_118' title='bbox 910 2039 1039 2100; x_wconf 85' lang='lat' dir='ltr'>eorum’.</span> <span class='ocrx_word' id='word_1_119' title='bbox 1059 2034 1190 2115; x_wconf 87' lang='lat' dir='ltr'>quidam</span> <span class='ocrx_word' id='word_1_120' title='bbox 1208 2051 1284 2097; x_wconf 90' lang='lat' dir='ltr'>uero</span> 
     </span>
     <span class='ocr_line' id='line_1_16' title="bbox 104 2140 1284 2225; baseline 0.001 -23"><span class='ocrx_word' id='word_1_121' title='bbox 104 2163 125 2202; x_wconf 81' lang='grc'>3</span> <span class='ocrx_word' id='word_1_122' title='bbox 140 2146 343 2224; x_wconf 82' lang='grc'><strong>3333333333</strong></span> <span class='ocrx_word' id='word_1_123' title='bbox 374 2141 428 2223; x_wconf 89' lang='grc'>331</span> <span class='ocrx_word' id='word_1_124' title='bbox 456 2162 518 2206; x_wconf 90' lang='grc'>333</span> <span class='ocrx_word' id='word_1_125' title='bbox 547 2142 716 2225; x_wconf 82' lang='lat' dir='ltr'>diligenter</span> <span class='ocrx_word' id='word_1_126' title='bbox 744 2141 869 2206; x_wconf 88' lang='lat' dir='ltr'>diuinas</span> <span class='ocrx_word' id='word_1_127' title='bbox 894 2142 1028 2206; x_wconf 85' lang='lat' dir='ltr'>scrutati</span> <span class='ocrx_word' id='word_1_128' title='bbox 1052 2144 1128 2206; x_wconf 89' lang='lat' dir='ltr'>sunt</span> <span class='ocrx_word' id='word_1_129' title='bbox 1149 2140 1284 2217; x_wconf 80' lang='lat' dir='ltr'>litteras,</span> 
     </span>
     <span class='ocr_line' id='line_1_17' title="bbox 138 2247 1284 2330; baseline -0.002 -18"><span class='ocrx_word' id='word_1_130' title='bbox 138 2250 269 2312; x_wconf 82' lang='lat' dir='ltr'>maxime</span> <span class='ocrx_word' id='word_1_131' title='bbox 299 2248 354 2330; x_wconf 92' lang='lat' dir='ltr'>qui</span> <span class='ocrx_word' id='word_1_132' title='bbox 382 2248 420 2312; x_wconf 86' lang='lat' dir='ltr'>do</span> <span class='ocrx_word' id='word_1_133' title='bbox 450 2247 656 2313; x_wconf 70' lang='lat' dir='ltr'>samaritanis</span> <span class='ocrx_word' id='word_1_134' title='bbox 686 2247 840 2324; x_wconf 79' lang='lat' dir='ltr'>oriuntur,</span> <span class='ocrx_word' id='word_1_135' title='bbox 870 2267 907 2312; x_wconf 92' lang='lat' dir='ltr'>ne</span> <span class='ocrx_word' id='word_1_136' title='bbox 935 2249 1016 2312; x_wconf 87' lang='grc'><strong>13333</strong></span> <span class='ocrx_word' id='word_1_137' title='bbox 1042 2247 1168 2312; x_wconf 85' lang='lat' dir='ltr'>Garizin</span> <span class='ocrx_word' id='word_1_138' title='bbox 1193 2265 1284 2310; x_wconf 89' lang='lat' dir='ltr'>mons</span> 
     </span>
     <span class='ocr_line' id='line_1_18' title="bbox 141 2353 1284 2437; baseline -0.003 -16"><span class='ocrx_word' id='word_1_139' title='bbox 141 2357 190 2433; x_wconf 86' lang='lat' dir='ltr'>sit,</span> <span class='ocrx_word' id='word_1_140' title='bbox 228 2356 283 2437; x_wconf 88' lang='lat' dir='ltr'>qui</span> <span class='ocrx_word' id='word_1_141' title='bbox 322 2354 445 2418; x_wconf 88' lang='lat' dir='ltr'>adiacet</span> <span class='ocrx_word' id='word_1_142' title='bbox 482 2353 621 2420; x_wconf 87' lang='lat' dir='ltr'>Sicimis.</span> <span class='ocrx_word' id='word_1_143' title='bbox 658 2373 737 2436; x_wconf 88' lang='lat' dir='ltr'>quae</span> <span class='ocrx_word' id='word_1_144' title='bbox 776 2353 896 2418; x_wconf 86' lang='lat' dir='ltr'>Sicima</span> <span class='ocrx_word' id='word_1_145' title='bbox 929 2358 961 2419; x_wconf 84' lang='grc'>33</span> <span class='ocrx_word' id='word_1_146' title='bbox 994 2354 1123 2419; x_wconf 88' lang='lat' dir='ltr'>Siohem</span> <span class='ocrx_word' id='word_1_147' title='bbox 1157 2353 1284 2429; x_wconf 86' lang='lat' dir='ltr'>dicitur,</span> 
     </span>
     <span class='ocr_line' id='line_1_19' title="bbox 140 2460 1286 2544; baseline -0.001 -17"><span class='ocrx_word' id='word_1_148' title='bbox 140 2463 257 2527; x_wconf 87' lang='lat' dir='ltr'>babens</span> <span class='ocrx_word' id='word_1_149' title='bbox 286 2481 322 2526; x_wconf 88' lang='lat' dir='ltr'>er</span> <span class='ocrx_word' id='word_1_150' title='bbox 351 2463 486 2527; x_wconf 89' lang='lat' dir='ltr'>aduerso</span> <span class='ocrx_word' id='word_1_151' title='bbox 512 2460 622 2527; x_wconf 88' lang='lat' dir='ltr'>Siclrar</span> <span class='ocrx_word' id='word_1_152' title='bbox 645 2461 755 2526; x_wconf 93' lang='lat' dir='ltr'>urbem</span> <span class='ocrx_word' id='word_1_153' title='bbox 781 2461 1110 2541; x_wconf 86' lang='lat' dir='ltr'>Samarit&lt;an&gt;orom‚</span> <span class='ocrx_word' id='word_1_154' title='bbox 1135 2461 1166 2526; x_wconf 95' lang='lat' dir='ltr'>in</span> <span class='ocrx_word' id='word_1_155' title='bbox 1191 2479 1286 2544; x_wconf 89' lang='lat' dir='ltr'>quarn</span> 
     </span>
     <span class='ocr_line' id='line_1_20' title="bbox 141 2568 1286 2653; baseline -0.003 -19"><span class='ocrx_word' id='word_1_156' title='bbox 141 2571 302 2653; x_wconf 76' lang='lat' dir='ltr'>ingressus</span> <span class='ocrx_word' id='word_1_157' title='bbox 331 2572 380 2633; x_wconf 88' lang='lat' dir='ltr'>est</span> <span class='ocrx_word' id='word_1_158' title='bbox 409 2568 567 2647; x_wconf 77' lang='lat' dir='ltr'>dominun,</span> <span class='ocrx_word' id='word_1_159' title='bbox 596 2568 679 2632; x_wconf 90' lang='lat' dir='ltr'>unde</span> <span class='ocrx_word' id='word_1_160' title='bbox 709 2568 907 2633; x_wconf 85' lang='lat' dir='ltr'>Samaritano</span> <span class='ocrx_word' id='word_1_161' title='bbox 934 2569 991 2632; x_wconf 90' lang='lat' dir='ltr'>illa</span> <span class='ocrx_word' id='word_1_162' title='bbox 1018 2568 1134 2633; x_wconf 89' lang='lat' dir='ltr'>molier</span> <span class='ocrx_word' id='word_1_163' title='bbox 1157 2586 1286 2653; x_wconf 82' lang='lat' dir='ltr'>egressa</span> 
     </span>
     <span class='ocr_line' id='line_1_21' title="bbox 103 2674 1287 2757; baseline 0.002 -22"><span class='ocrx_word' id='word_1_164' title='bbox 103 2676 262 2741; x_wconf 79' lang='lat' dir='ltr'>minuerit</span> <span class='ocrx_word' id='word_1_165' title='bbox 291 2694 365 2739; x_wconf 90' lang='lat' dir='ltr'>eum</span> <span class='ocrx_word' id='word_1_166' title='bbox 394 2676 554 2739; x_wconf 86' lang='lat' dir='ltr'>sedentem</span> <span class='ocrx_word' id='word_1_167' title='bbox 586 2675 669 2757; x_wconf 89' lang='lat' dir='ltr'>apud</span> <span class='ocrx_word' id='word_1_168' title='bbox 699 2678 890 2756; x_wconf 84' lang='lat' dir='ltr'>&lt;put&gt;eum</span> <span class='ocrx_word' id='word_1_169' title='bbox 918 2694 1003 2740; x_wconf 91' lang='lat' dir='ltr'>nunc</span> <span class='ocrx_word' id='word_1_170' title='bbox 1032 2679 1139 2739; x_wconf 88' lang='lat' dir='ltr'>autem</span> <span class='ocrx_word' id='word_1_171' title='bbox 1168 2674 1287 2740; x_wconf 84' lang='lat' dir='ltr'>Sicima</span> 
     </span>
     <span class='ocr_line' id='line_1_22' title="bbox 141 2780 1284 2864; baseline -0.001 -19"><span class='ocrx_word' id='word_1_172' title='bbox 141 2783 288 2864; x_wconf 83' lang='lat' dir='ltr'>Neapolis</span> <span class='ocrx_word' id='word_1_173' title='bbox 332 2782 519 2864; x_wconf 77' lang='lat' dir='ltr'>appellatur,</span> <span class='ocrx_word' id='word_1_174' title='bbox 563 2781 678 2845; x_wconf 88' lang='lat' dir='ltr'>ciuitas</span> <span class='ocrx_word' id='word_1_175' title='bbox 725 2781 971 2863; x_wconf 87' lang='lat' dir='ltr'>opulentissima</span> <span class='ocrx_word' id='word_1_176' title='bbox 1015 2780 1284 2856; x_wconf 79' lang='lat' dir='ltr'>Palaestiuorum3</span> 
     </span>
     <span class='ocr_line' id='line_1_23' title="bbox 142 2886 1341 2971; baseline 0.003 -19"><span class='ocrx_word' id='word_1_177' title='bbox 142 2893 213 2954; x_wconf 91' lang='lat' dir='ltr'>tunc</span> <span class='ocrx_word' id='word_1_178' title='bbox 238 2891 346 2953; x_wconf 85' lang='lat' dir='ltr'>autem</span> <span class='ocrx_word' id='word_1_179' title='bbox 373 2886 514 2951; x_wconf 87' lang='lat' dir='ltr'>Samaria</span> <span class='ocrx_word' id='word_1_180' title='bbox 538 2888 702 2953; x_wconf 87' lang='lat' dir='ltr'>dicebatur</span> <span class='ocrx_word' id='word_1_181' title='bbox 726 2890 821 2971; x_wconf 85' lang='lat' dir='ltr'>atque</span> <span class='ocrx_word' id='word_1_182' title='bbox 845 2890 979 2953; x_wconf 89' lang='lat' dir='ltr'>Iudaea:</span> <span class='ocrx_word' id='word_1_183' title='bbox 1004 2889 1146 2954; x_wconf 87' lang='lat' dir='ltr'>Samaria</span> <span class='ocrx_word' id='word_1_184' title='bbox 1168 2891 1341 2964; x_wconf 76' lang='grc'><strong>33333391</strong></span> 
     </span>
     <span class='ocr_line' id='line_1_24' title="bbox 143 2994 1285 3077; baseline -0.001 -18"><span class='ocrx_word' id='word_1_185' title='bbox 143 2996 289 3076; x_wconf 88' lang='lat' dir='ltr'>quoniam</span> <span class='ocrx_word' id='word_1_186' title='bbox 317 3013 408 3059; x_wconf 91' lang='lat' dir='ltr'>mons</span> <span class='ocrx_word' id='word_1_187' title='bbox 436 2994 504 3077; x_wconf 88' lang='lat' dir='ltr'>ipse</span> <span class='ocrx_word' id='word_1_188' title='bbox 533 2994 720 3059; x_wconf 88' lang='lat' dir='ltr'>naturaliter</span> <span class='ocrx_word' id='word_1_189' title='bbox 752 2995 918 3061; x_wconf 85' lang='lat' dir='ltr'>cuiusdam</span> <span class='ocrx_word' id='word_1_190' title='bbox 953 2996 1064 3061; x_wconf 85' lang='lat' dir='ltr'>Somer</span> <span class='ocrx_word' id='word_1_191' title='bbox 1095 2996 1285 3070; x_wconf 80' lang='lat' dir='ltr'>uocabatur3</span> 
     </span>
     <span class='ocr_line' id='line_1_25' title="bbox 143 3101 1288 3167; baseline 0.001 -2"><span class='ocrx_word' id='word_1_192' title='bbox 143 3102 240 3165; x_wconf 87' lang='lat' dir='ltr'>lilium</span> <span class='ocrx_word' id='word_1_193' title='bbox 269 3104 377 3165; x_wconf 88' lang='lat' dir='ltr'>autem</span> <span class='ocrx_word' id='word_1_194' title='bbox 401 3101 515 3165; x_wconf 86' lang='lat' dir='ltr'>babuit</span> <span class='ocrx_word' id='word_1_195' title='bbox 537 3102 598 3165; x_wconf 93' lang='lat' dir='ltr'>iste</span> <span class='ocrx_word' id='word_1_196' title='bbox 624 3101 777 3166; x_wconf 86' lang='lat' dir='ltr'>Somoron</span> <span class='ocrx_word' id='word_1_197' title='bbox 802 3105 835 3165; x_wconf 92' lang='lat' dir='ltr'>et</span> <span class='ocrx_word' id='word_1_198' title='bbox 858 3102 964 3167; x_wconf 88' lang='lat' dir='ltr'>dictus</span> <span class='ocrx_word' id='word_1_199' title='bbox 989 3105 1038 3167; x_wconf 89' lang='grc'>333</span> <span class='ocrx_word' id='word_1_200' title='bbox 1061 3121 1151 3166; x_wconf 89' lang='lat' dir='ltr'>mons</span> <span class='ocrx_word' id='word_1_201' title='bbox 1175 3102 1288 3167; x_wconf 82' lang='lat' dir='ltr'>Somou</span> 
     </span>
     <span class='ocr_line' id='line_1_26' title="bbox 102 3207 1286 3289; baseline 0.003 -21"><span class='ocrx_word' id='word_1_202' title='bbox 102 3230 127 3268; x_wconf 74' lang='lat' dir='ltr'>as</span> <span class='ocrx_word' id='word_1_203' title='bbox 145 3212 174 3271; x_wconf 90' lang='lat' dir='ltr'>et</span> <span class='ocrx_word' id='word_1_204' title='bbox 194 3209 266 3272; x_wconf 88' lang='lat' dir='ltr'>hinc</span> <span class='ocrx_word' id='word_1_205' title='bbox 292 3207 430 3271; x_wconf 87' lang='lat' dir='ltr'>nominis</span> <span class='ocrx_word' id='word_1_206' title='bbox 453 3208 550 3271; x_wconf 88' lang='lat' dir='ltr'>buius</span> <span class='ocrx_word' id='word_1_207' title='bbox 575 3208 746 3289; x_wconf 87' lang='lat' dir='ltr'>appellatio</span> <span class='ocrx_word' id='word_1_208' title='bbox 772 3212 944 3273; x_wconf 87' lang='lat' dir='ltr'>consecuta</span> <span class='ocrx_word' id='word_1_209' title='bbox 967 3212 1027 3285; x_wconf 82' lang='lat' dir='ltr'>est,</span> <span class='ocrx_word' id='word_1_210' title='bbox 1051 3209 1187 3272; x_wconf 83' lang='lat' dir='ltr'>maxime</span> <span class='ocrx_word' id='word_1_211' title='bbox 1210 3225 1286 3271; x_wconf 90' lang='lat' dir='ltr'>uero</span> 
     </span>
     <span class='ocr_line' id='line_1_27' title="bbox 143 3313 1286 3397; baseline 0.002 -22"><span class='ocrx_word' id='word_1_212' title='bbox 143 3314 284 3379; x_wconf 86' lang='lat' dir='ltr'>roborato</span> <span class='ocrx_word' id='word_1_213' title='bbox 308 3334 363 3397; x_wconf 91' lang='lat' dir='ltr'>per</span> <span class='ocrx_word' id='word_1_214' title='bbox 387 3313 560 3377; x_wconf 89' lang='lat' dir='ltr'>aduentum</span> <span class='ocrx_word' id='word_1_215' title='bbox 586 3334 705 3391; x_wconf 88' lang='lat' dir='ltr'>eorum,</span> <span class='ocrx_word' id='word_1_216' title='bbox 731 3334 811 3396; x_wconf 87' lang='lat' dir='ltr'>quos</span> <span class='ocrx_word' id='word_1_217' title='bbox 835 3314 874 3378; x_wconf 86' lang='lat' dir='ltr'>ad</span> <span class='ocrx_word' id='word_1_218' title='bbox 894 3315 1066 3380; x_wconf 80' lang='lat' dir='ltr'>colendum</span> <span class='ocrx_word' id='word_1_219' title='bbox 1090 3317 1189 3378; x_wconf 90' lang='lat' dir='ltr'>terras</span> <span class='ocrx_word' id='word_1_220' title='bbox 1214 3314 1286 3378; x_wconf 89' lang='lat' dir='ltr'>illas</span> 
     </span>
     <span class='ocr_line' id='line_1_28' title="bbox 143 3420 1339 3504; baseline 0.008 -23"><span class='ocrx_word' id='word_1_221' title='bbox 143 3438 190 3483; x_wconf 85' lang='lat' dir='ltr'>rer</span> <span class='ocrx_word' id='word_1_222' title='bbox 212 3422 364 3504; x_wconf 79' lang='lat' dir='ltr'>Assyrius</span> <span class='ocrx_word' id='word_1_223' title='bbox 390 3420 571 3485; x_wconf 86' lang='lat' dir='ltr'>destinauit.</span> <span class='ocrx_word' id='word_1_224' title='bbox 592 3440 664 3484; x_wconf 90' lang='lat' dir='ltr'>uam</span> <span class='ocrx_word' id='word_1_225' title='bbox 689 3420 814 3503; x_wconf 90' lang='lat' dir='ltr'>quando</span> <span class='ocrx_word' id='word_1_226' title='bbox 839 3421 1011 3504; x_wconf 82' lang='lat' dir='ltr'>captiuitas</span> <span class='ocrx_word' id='word_1_227' title='bbox 1035 3421 1152 3485; x_wconf 89' lang='lat' dir='ltr'>accidit</span> <span class='ocrx_word' id='word_1_228' title='bbox 1174 3421 1287 3484; x_wconf 87' lang='lat' dir='ltr'>ludae—</span> <span class='ocrx_word' id='word_1_229' title='bbox 1297 3426 1339 3489; x_wconf 86' lang='lat'>92</span> 
     </span>
    </p>
   </div>
   <div class='ocr_carea' id='block_1_3' title="bbox 138 3560 1318 4447">
    <p class='ocr_par' dir='ltr' id='par_1_3' title="bbox 178 3560 1318 3736">
     <span class='ocr_line' id='line_1_29' title="bbox 226 3560 749 3630; baseline 0 -17"><span class='ocrx_word' id='word_1_230' title='bbox 226 3560 259 3614; x_wconf 79' lang='grc'>27</span> <span class='ocrx_word' id='word_1_231' title='bbox 280 3577 338 3629; x_wconf 87' lang='grc'><strong>333.</strong></span> <span class='ocrx_word' id='word_1_232' title='bbox 359 3560 392 3613; x_wconf 89' lang='grc'>31.</span> <span class='ocrx_word' id='word_1_233' title='bbox 411 3560 497 3629; x_wconf 80' lang='lat' dir='ltr'>Regu.</span> <span class='ocrx_word' id='word_1_234' title='bbox 515 3560 555 3613; x_wconf 92' lang='lat' dir='ltr'>IV</span> <span class='ocrx_word' id='word_1_235' title='bbox 576 3561 617 3623; x_wconf 80' lang='lat'>17,</span> <span class='ocrx_word' id='word_1_236' title='bbox 637 3562 671 3613; x_wconf 80' lang='lat'>24</span> <span class='ocrx_word' id='word_1_237' title='bbox 692 3578 749 3630; x_wconf 87' lang='lat' dir='ltr'>sqq.</span> 
     </span>
     <span class='ocr_line' id='line_1_30' title="bbox 178 3665 1318 3736; baseline 0 -17"><span class='ocrx_word' id='word_1_238' title='bbox 178 3666 291 3721; x_wconf 88' lang='lat' dir='ltr'>lsicuti</span> <span class='ocrx_word' id='word_1_239' title='bbox 310 3666 398 3735; x_wconf 70' lang='lat' dir='ltr'>Foqp.</span> <span class='ocrx_word' id='word_1_240' title='bbox 454 3668 564 3735; x_wconf 83' lang='lat' dir='ltr'>garazin</span> <span class='ocrx_word' id='word_1_241' title='bbox 588 3667 614 3721; x_wconf 91' lang='lat' dir='ltr'><em>V</em></span> <span class='ocrx_word' id='word_1_242' title='bbox 665 3666 819 3720; x_wconf 78' lang='grc'><strong>2333113331</strong></span> <span class='ocrx_word' id='word_1_243' title='bbox 843 3667 875 3726; x_wconf 82' lang='lat' dir='ltr'>V,</span> <span class='ocrx_word' id='word_1_244' title='bbox 896 3682 964 3720; x_wconf 87' lang='lat' dir='ltr'>corr.</span> <span class='ocrx_word' id='word_1_245' title='bbox 983 3666 1071 3736; x_wconf 74' lang='lat' dir='ltr'>Foqq.</span> <span class='ocrx_word' id='word_1_246' title='bbox 1128 3666 1184 3720; x_wconf 88' lang='grc'>511</span> <span class='ocrx_word' id='word_1_247' title='bbox 1197 3665 1284 3735; x_wconf 80' lang='lat' dir='ltr'>Fopq.</span> <span class='ocrx_word' id='word_1_248' title='bbox 1306 3666 1318 3685; x_wconf 81' lang='lat'>&#39;</span> 
     </span>
    </p>

    <p class='ocr_par' dir='ltr' id='par_1_4' title="bbox 138 3750 1288 4447">
     <span class='ocr_line' id='line_1_31' title="bbox 145 3750 1286 3825; baseline 0 -19"><span class='ocrx_word' id='word_1_249' title='bbox 145 3750 254 3807; x_wconf 84' lang='lat' dir='ltr'>Gerizim</span> <span class='ocrx_word' id='word_1_250' title='bbox 265 3754 353 3824; x_wconf 77' lang='lat' dir='ltr'>Fopq.</span> <span class='ocrx_word' id='word_1_251' title='bbox 395 3755 597 3825; x_wconf 73' lang='lat' dir='ltr'>eoemnopp.</span> <span class='ocrx_word' id='word_1_252' title='bbox 636 3756 815 3809; x_wconf 85' lang='lat' dir='ltr'>lOaibantV</span> <span class='ocrx_word' id='word_1_253' title='bbox 850 3755 989 3809; x_wconf 80' lang='lat' dir='ltr'>13isteV</span> <span class='ocrx_word' id='word_1_254' title='bbox 1024 3757 1056 3809; x_wconf 87' lang='lat' dir='ltr'>lo</span> <span class='ocrx_word' id='word_1_255' title='bbox 1075 3771 1152 3807; x_wconf 88' lang='lat' dir='ltr'>mous</span> <span class='ocrx_word' id='word_1_256' title='bbox 1177 3753 1214 3806; x_wconf 87' lang='lat' dir='ltr'>V:</span> <span class='ocrx_word' id='word_1_257' title='bbox 1232 3771 1286 3806; x_wconf 90' lang='lat' dir='ltr'>uon</span> 
     </span>
     <span class='ocr_line' id='line_1_32' title="bbox 143 3840 1287 3913; baseline 0.001 -19"><span class='ocrx_word' id='word_1_258' title='bbox 143 3840 226 3911; x_wconf 82' lang='lat' dir='ltr'>Foqq.</span> <span class='ocrx_word' id='word_1_259' title='bbox 264 3843 496 3897; x_wconf 83' lang='lat' dir='ltr'>18somaritornm</span> <span class='ocrx_word' id='word_1_260' title='bbox 512 3844 542 3908; x_wconf 84' lang='lat' dir='ltr'>V,</span> <span class='ocrx_word' id='word_1_261' title='bbox 554 3844 675 3899; x_wconf 77' lang='lat' dir='ltr'>correct:</span> <span class='ocrx_word' id='word_1_262' title='bbox 690 3845 979 3913; x_wconf 78' lang='lat' dir='ltr'>SamaritarumFoqq,</span> <span class='ocrx_word' id='word_1_263' title='bbox 1016 3842 1287 3911; x_wconf 70' lang='lat' dir='ltr'>20puteumfoqq.:</span> 
     </span>
     <span class='ocr_line' id='line_1_33' title="bbox 144 3931 1287 4003; baseline 0.001 -21"><span class='ocrx_word' id='word_1_264' title='bbox 144 3945 200 3985; x_wconf 84' lang='lat' dir='ltr'>euru</span> <span class='ocrx_word' id='word_1_265' title='bbox 214 3931 239 3984; x_wconf 87' lang='lat' dir='ltr'><em>V</em></span> <span class='ocrx_word' id='word_1_266' title='bbox 290 3932 325 3985; x_wconf 82' lang='lat'>22</span> <span class='ocrx_word' id='word_1_267' title='bbox 338 3948 371 3985; x_wconf 83' lang='lat' dir='ltr'>eo</span> <span class='ocrx_word' id='word_1_268' title='bbox 380 3932 525 4001; x_wconf 83' lang='lat' dir='ltr'>quaeinde</span> <span class='ocrx_word' id='word_1_269' title='bbox 535 3932 582 4003; x_wconf 63' lang='grc'>333</span> <span class='ocrx_word' id='word_1_270' title='bbox 594 3936 626 3986; x_wconf 86' lang='grc'><strong>91</strong></span> <span class='ocrx_word' id='word_1_271' title='bbox 635 3950 720 4001; x_wconf 81' lang='lat' dir='ltr'>cosque</span> <span class='ocrx_word' id='word_1_272' title='bbox 729 3931 954 4003; x_wconf 65' lang='grc'><strong>33333335109</strong></span> <span class='ocrx_word' id='word_1_273' title='bbox 964 3933 1148 4001; x_wconf 74' lang='lat' dir='ltr'>explicantur,</span> <span class='ocrx_word' id='word_1_274' title='bbox 1159 3932 1287 3999; x_wconf 75' lang='lat' dir='ltr'>querneus</span> 
     </span>
     <span class='ocr_line' id='line_1_34' title="bbox 138 4020 1287 4089; baseline 0.002 -18"><span class='ocrx_word' id='word_1_275' title='bbox 138 4022 298 4087; x_wconf 78' lang='lat' dir='ltr'>praesertim</span> <span class='ocrx_word' id='word_1_276' title='bbox 316 4020 397 4073; x_wconf 78' lang='lat' dir='ltr'>initio</span> <span class='ocrx_word' id='word_1_277' title='bbox 416 4022 501 4075; x_wconf 71' lang='lat' dir='ltr'>inulto</span> <span class='ocrx_word' id='word_1_278' title='bbox 521 4024 698 4089; x_wconf 80' lang='lat' dir='ltr'>contractius,</span> <span class='ocrx_word' id='word_1_279' title='bbox 721 4020 825 4075; x_wconf 85' lang='lat' dir='ltr'>Graece</span> <span class='ocrx_word' id='word_1_280' title='bbox 842 4022 969 4075; x_wconf 78' lang='lat' dir='ltr'>seruauit</span> <span class='ocrx_word' id='word_1_281' title='bbox 982 4023 1154 4076; x_wconf 81' lang='lat' dir='ltr'>Anastasius</span> <span class='ocrx_word' id='word_1_282' title='bbox 1172 4021 1287 4075; x_wconf 82' lang='lat' dir='ltr'>Sinoita</span> 
     </span>
     <span class='ocr_line' id='line_1_35' title="bbox 142 4107 1288 4179; baseline 0.003 -20"><span class='ocrx_word' id='word_1_283' title='bbox 142 4107 173 4159; x_wconf 82' lang='lat' dir='ltr'>in</span> <span class='ocrx_word' id='word_1_284' title='bbox 185 4111 343 4177; x_wconf 75' lang='lat' dir='ltr'>quaestione</span> <span class='ocrx_word' id='word_1_285' title='bbox 358 4112 396 4162; x_wconf 74' lang='lat'>45</span> <span class='ocrx_word' id='word_1_286' title='bbox 416 4110 527 4179; x_wconf 72' lang='lat' dir='ltr'>(Illique</span> <span class='ocrx_word' id='word_1_287' title='bbox 540 4110 648 4165; x_wconf 85' lang='lat' dir='ltr'>Potrol.</span> <span class='ocrx_word' id='word_1_288' title='bbox 667 4110 715 4165; x_wconf 83' lang='lat' dir='ltr'>Gr.</span> <span class='ocrx_word' id='word_1_289' title='bbox 732 4113 780 4174; x_wconf 83' lang='grc'>89,</span> <span class='ocrx_word' id='word_1_290' title='bbox 798 4114 857 4164; x_wconf 81' lang='grc'>596</span> <span class='ocrx_word' id='word_1_291' title='bbox 874 4115 928 4178; x_wconf 84' lang='lat' dir='ltr'>oq.)</span> <span class='ocrx_word' id='word_1_292' title='bbox 988 4112 1022 4164; x_wconf 75' lang='lat' dir='ltr'>al</span> <span class='ocrx_word' id='word_1_293' title='bbox 1042 4115 1172 4165; x_wconf 71' lang='lat' dir='ltr'>someron</span> <span class='ocrx_word' id='word_1_294' title='bbox 1190 4110 1288 4177; x_wconf 80' lang='lat' dir='ltr'>scripsi</span> 
     </span>
     <span class='ocr_line' id='line_1_36' title="bbox 144 4196 1286 4269; baseline 0.001 -21"><span class='ocrx_word' id='word_1_295' title='bbox 144 4197 190 4261; x_wconf 79' lang='grc'><strong>(31.</strong></span> <span class='ocrx_word' id='word_1_296' title='bbox 203 4196 222 4268; x_wconf 81' lang='lat'><em>§</em></span> <span class='ocrx_word' id='word_1_297' title='bbox 237 4202 289 4265; x_wconf 87' lang='lat'>97;</span> <span class='ocrx_word' id='word_1_298' title='bbox 303 4198 437 4254; x_wconf 78' lang='lat' dir='ltr'>Amastor.</span> <span class='ocrx_word' id='word_1_299' title='bbox 453 4197 513 4251; x_wconf 79' lang='lat' dir='ltr'>Sin.</span> <span class='ocrx_word' id='word_1_300' title='bbox 531 4198 640 4269; x_wconf 81' lang='lat' dir='ltr'>Qrooest.</span> <span class='ocrx_word' id='word_1_301' title='bbox 657 4201 708 4266; x_wconf 76' lang='lat'>45;</span> <span class='ocrx_word' id='word_1_302' title='bbox 720 4199 862 4267; x_wconf 83' lang='lat' dir='ltr'>Eptplrnn.</span> <span class='ocrx_word' id='word_1_303' title='bbox 877 4200 988 4253; x_wconf 69' lang='lat' dir='ltr'>Poscor.</span> <span class='ocrx_word' id='word_1_304' title='bbox 1002 4200 1024 4252; x_wconf 84' lang='grc' dir='ltr'><em>Ι</em></span> <span class='ocrx_word' id='word_1_305' title='bbox 1033 4216 1065 4267; x_wconf 80' lang='lat' dir='ltr'>p.</span> <span class='ocrx_word' id='word_1_306' title='bbox 1079 4199 1169 4265; x_wconf 66' lang='lat' dir='ltr'><strong><em>24B;</em></strong></span> <span class='ocrx_word' id='word_1_307' title='bbox 1179 4198 1286 4265; x_wconf 75' lang='lat' dir='ltr'>Ioseph.</span> 
     </span>
     <span class='ocr_line' id='line_1_37' title="bbox 143 4284 1286 4354; baseline 0.002 -18"><span class='ocrx_word' id='word_1_308' title='bbox 143 4286 235 4353; x_wconf 76' lang='lat' dir='ltr'>Antip.</span> <span class='ocrx_word' id='word_1_309' title='bbox 253 4286 319 4339; x_wconf 76' lang='lat' dir='ltr'>non</span> <span class='ocrx_word' id='word_1_310' title='bbox 344 4286 424 4340; x_wconf 88' lang='lat' dir='ltr'><strong><em>VIII</em></strong></span> <span class='ocrx_word' id='word_1_311' title='bbox 442 4290 496 4339; x_wconf 80' lang='lat'>312</span> <span class='ocrx_word' id='word_1_312' title='bbox 520 4288 560 4341; x_wconf 84' lang='lat' dir='ltr'>ed.</span> <span class='ocrx_word' id='word_1_313' title='bbox 585 4288 694 4354; x_wconf 81' lang='lat' dir='ltr'>Niese):</span> <span class='ocrx_word' id='word_1_314' title='bbox 723 4305 847 4341; x_wconf 87' lang='grc'><strong>33333333</strong></span> <span class='ocrx_word' id='word_1_315' title='bbox 877 4288 899 4338; x_wconf 91' lang='lat' dir='ltr'><em>V</em></span> <span class='ocrx_word' id='word_1_316' title='bbox 989 4306 1077 4341; x_wconf 89' lang='lat' dir='ltr'>somor</span> <span class='ocrx_word' id='word_1_317' title='bbox 1104 4288 1131 4341; x_wconf 90' lang='lat' dir='ltr'><em>V</em></span> <span class='ocrx_word' id='word_1_318' title='bbox 1153 4287 1202 4354; x_wconf 78' lang='lat' dir='ltr'>(of.</span> <span class='ocrx_word' id='word_1_319' title='bbox 1224 4284 1286 4339; x_wconf 81' lang='lat' dir='ltr'>Ion.</span> 
     </span>
     <span class='ocr_line' id='line_1_38' title="bbox 144 4372 1116 4447; baseline 0.003 -20"><span class='ocrx_word' id='word_1_320' title='bbox 144 4372 278 4443; x_wconf 84' lang='lat' dir='ltr'>Ctrysoot.</span> <span class='ocrx_word' id='word_1_321' title='bbox 299 4374 403 4429; x_wconf 83' lang='lat' dir='ltr'>Homil.</span> <span class='ocrx_word' id='word_1_322' title='bbox 424 4378 459 4429; x_wconf 87' lang='grc'>31</span> <span class='ocrx_word' id='word_1_323' title='bbox 478 4400 511 4421; x_wconf 87' lang='lat'>=</span> <span class='ocrx_word' id='word_1_324' title='bbox 531 4376 629 4445; x_wconf 74' lang='lat' dir='ltr'>dliqne</span> <span class='ocrx_word' id='word_1_325' title='bbox 646 4376 680 4431; x_wconf 90' lang='lat' dir='ltr'>P.</span> <span class='ocrx_word' id='word_1_326' title='bbox 697 4376 731 4430; x_wconf 83' lang='lat' dir='ltr'>G.</span> <span class='ocrx_word' id='word_1_327' title='bbox 750 4379 798 4441; x_wconf 84' lang='lat'>59,</span> <span class='ocrx_word' id='word_1_328' title='bbox 817 4381 902 4445; x_wconf 81' lang='lat' dir='ltr'>17s):</span> <span class='ocrx_word' id='word_1_329' title='bbox 921 4376 1015 4430; x_wconf 84' lang='lat' dir='ltr'>Somar</span> <span class='ocrx_word' id='word_1_330' title='bbox 1032 4376 1116 4447; x_wconf 73' lang='lat' dir='ltr'>Foqq.</span> 
     </span>
    </p>
   </div>
   <div class='ocr_carea' id='block_1_4' title="bbox 1182 4478 1234 4534">
    <p class='ocr_par' dir='ltr' id='par_1_5' title="bbox 1182 4478 1234 4534">
     <span class='ocr_line' id='line_1_39' title="bbox 1182 4478 1234 4534; baseline 0 0"><span class='ocrx_word' id='word_1_331' title='bbox 1182 4478 1234 4534; x_wconf 77' lang='lat'>49*</span> 
     </span>
    </p>
   </div>
   <div class='ocr_carea' id='block_1_5' title="bbox 0 0 1518 4975">
    <p class='ocr_par' dir='ltr' id='par_1_6' title="bbox 0 0 1518 4975">
     <span class='ocr_line' id='line_1_40' title="bbox 0 0 1518 4975; baseline 0 0"><span class='ocrx_word' id='word_1_332' title='bbox 0 0 1518 4975; x_wconf 95' lang='lat' dir='ltr'> </span> 
     </span>
    </p>
   </div>
  </div>
 </body>
</html>
