3025 4975
448 445 536 515 Epist.
556 443 691 498 cxv121
713 474 746 483 —
766 441 877 497 CXXVI
895 458 911 495 a
931 441 955 495 l.
1211 442 1276 505 519

138 646 174 709 ad
204 662 262 709 nos
295 644 327 707 in
358 642 476 708 Christi
510 642 612 725 signo,
641 644 677 705 ut
706 639 879 703 aduentum
912 656 1129 720 procuremus,
1163 636 1283 719 scripta

139 752 272 835 dirigite.
341 754 502 831 praeterea
531 753 581 813 est
609 746 805 813 consuetudo
833 766 889 827 per
917 745 1103 827 episcopum
1131 742 1335 809 Constan-25

138 859 380 941 linopolitannm
408 874 515 921 omnes
539 855 722 937 imperatori
747 854 917 936 episcopos
940 852 1144 935 praesentari.
1173 853 1201 916 si
1224 852 1284 917 hoc

137 966 261 1031 illorum
277 963 413 1029 callidus
427 966 583 1027 tractatus
602 962 760 1025 inuenerit
779 961 943 1025 uolentum
962 960 1097 1025 formam
1114 962 1283 1045 legationis

107 1090 318 1156 sagnoscere,
342 1075 379 1135 ut
402 1089 474 1135 cum
498 1069 677 1145 Timotheo,
706 1068 761 1150 qui
788 1068 917 1131 uidetur
944 1067 1038 1132 modo
1062 1066 1282 1134 Constantino-

136 1178 308 1261 politanam
346 1176 512 1241 ecclesiam
551 1176 739 1257 gildemero,
781 1176 1003 1259 imperatorem
1044 1175 1197 1255 uideatis,
1235 1177 1283 1243 sic

137 1285 238 1361 facite,
265 1288 304 1348 ut
327 1284 355 1348 si
379 1287 451 1348 ante
475 1283 679 1367 agnoueritis,
700 1302 796 1365 quam
821 1282 860 1346 ad
882 1282 1104 1364 imperatorem
1127 1282 1283 1366 ingredia·

136 1394 221 1469 mini,
251 1392 316 1456 ista
344 1391 469 1474 disponi
497 1410 553 1473 per
581 1390 715 1472 aliquos,
744 1390 878 1453 necdum
906 1390 1097 1470 praesentati
1124 1391 1281 1455 mandetis

139 1500 220 1563 ‘talia
259 1498 352 1563 nobis
389 1497 478 1561 dedit
507 1501 676 1580 praecepta
707 1500 799 1578 pater
829 1496 958 1578 pietatis
986 1500 1122 1572 uestrae,
1150 1502 1188 1561 ut
1215 1499 1283 1563 sine

104 1632 124 1668 n
140 1607 240 1688 aliquo
278 1606 498 1688 episcoporum
535 1606 675 1668 nestram
713 1604 915 1669 elementiam
951 1602 1140 1669 uideamus'.
1209 1597 1336 1691 ergo25

141 1714 231 1797 agite,
257 1712 356 1777 donec
381 1730 415 1777 se
439 1711 478 1775 ab
503 1710 561 1775 irae
586 1711 814 1776 consuetudine
836 1712 905 1793 ipss
932 1713 1114 1777 remouerit.
1147 1713 1282 1796 quodsi

140 1820 262 1884 omnino
282 1818 421 1883 noluerit
439 1823 494 1881 aut
512 1818 539 1882 si
559 1818 698 1901 captiose
718 1818 896 1901 contigerit,
915 1824 953 1883 ut
970 1822 1042 1883 ante
1059 1820 1281 1901 imperatorem

139 1926 291 2007 inopinati
314 1926 517 1989 Timotheum
542 1925 689 2001 uideatis
713 1926 759 1989 ita
782 1927 945 2009 suggerite
969 1927 1150 2010 ‘praecipiat
1180 1929 1283 2010 pietas

140 2036 242 2097 uestra
256 2033 348 2097 nobis
363 2032 435 2097 dare
455 2038 624 2105 secretum,
639 2036 676 2097 nt
694 2050 818 2109 caussa,
837 2052 893 2115 pro
913 2033 1028 2115 quibus
1047 2034 1139 2099 missi
1158 2055 1281 2113 sumus,

105 2161 125 2201 a
140 2147 390 2221 (exponamus).
468 2140 496 2203 si
524 2139 637 2203 dixerit
663 2140 770 2204 ‘dicite
793 2158 867 2204 ecce
891 2146 962 2205 ante
985 2142 1130 2223 ipsum!’‚
1153 2132 1334 2223 respon-27

139 2246 216 2310 detis
254 2248 327 2311 ‘non
354 2246 501 2310 iniuriam
531 2246 666 2311 facimus
695 2248 762 2326 sed,
796 2248 880 2331 quod
908 2248 947 2311 ad
976 2268 1105 2314 causam
1136 2251 1282 2331 pertinet,

139 2353 338 2426 intimamus:
363 2353 459 2417 etiam
483 2356 516 2416 et
537 2353 640 2435 ipsius
665 2355 807 2419 continet
828 2356 946 2439 legatio
970 2361 1079 2421 nostra
1101 2376 1279 2440 personam,

140 2465 169 2526 et
191 2460 453 2545 suggestionibus
479 2460 595 2525 nostris
618 2479 768 2543 praesens
791 2480 862 2528 esse
886 2482 946 2528 non
969 2468 1096 2546 potest’.
1134 2468 1166 2530 et
1192 2466 1282 2530 nulla

139 2569 253 2633 ratione
288 2587 325 2632 eo
358 2572 521 2650 praesente
555 2569 673 2652 aliquid
707 2570 854 2654 allegetis
890 2571 1107 2656 sedegresso
1140 2573 1281 2638 ordinem

102 2693 124 2732 a
140 2673 343 2760 delegationis
368 2675 494 2740 exerite.

630 2766 711 2848 (116
734 2766 782 2848 a.)

370 2890 444 2934 rann
468 2889 624 2935 oneraris
648 2891 842 2936 srncrrnnrr
867 2892 1040 2941 cnrsnmrr.

181 2978 223 3044 Ut
246 2979 357 3042 sancta
385 2977 524 3060 synodus
555 2977 798 3042 Calcedonensis
823 2983 854 3042 et
878 2980 1031 3062 epistolae
1056 2982 1157 3046 sancti
1179 3001 1280 3065 papae

139 3083 247 3150 Leonis
272 3088 447 3148 seruentur.
477 3089 572 3166 atque
596 3084 865 3150 clementissimus
888 3086 1059 3170 imperator
1081 3089 1281 3154 consentiens

172 3295 187 3348 6
206 3293 305 3346 uidetis
329 3292 360 3356 V,
379 3308 448 3346 corr.
468 3290 495 3344 ο2
544 3293 560 3346 8
579 3291 707 3346 mandate
731 3293 764 3355 V,
783 3297 901 3349 correxi:
914 3295 1042 3350 ‘'dicitel:
1063 3297 1193 3352 Mandata
1215 3298 1279 3352 Cur.

136 3389 195 3449 post
213 3382 289 3436 dedit
308 3383 429 3436 inserens
447 3385 475 3434 et
545 3383 577 3436 13
596 3383 736 3452 inopinate
759 3383 822 3437 Cor.
891 3387 924 3439 15
943 3403 1105 3455 exponamus
1125 3387 1190 3441 add.
1213 3387 1278 3441 Cur.
1374 3453 1378 3462 Ι

143 3472 172 3524 16
190 3487 282 3525 causas
301 3471 371 3525 Bar.
436 3472 469 3524 17
488 3487 602 3540 persona
627 3471 655 3531 V,
676 3487 744 3526 corr.
764 3471 828 3526 Car.
897 3474 932 3528 20
951 3475 1062 3544 exerite]
1081 3477 1218 3545 lucusque
1235 3478 1279 3530 ira·

141 3559 251 3619 diculus.
275 3562 355 3614 euius
377 3561 516 3629 exemplar
538 3561 678 3628 quoddam
701 3563 1053 3631 legatissprofieiscentilms
1071 3565 1106 3618 ab
1126 3565 1282 3621 Hormisda

142 3649 270 3702 traditum
297 3665 353 3703 esse
379 3650 443 3718 apsa
470 3649 528 3703 eiua
556 3649 682 3704 docemur
708 3651 895 3719 inscriptione.
925 3660 1023 3706 ceretro
1049 3672 1120 3722 quae
1150 3662 1282 3710 secuntur

141 3738 261 3805 capitula
274 3738 450 3809 singularum
469 3753 616 3792 causarum
636 3741 703 3804 (116
722 3742 754 3806 a)
775 3742 900 3794 certasse
917 3742 1022 3809 scripta
1041 3743 1125 3812 leputa'
1141 3761 1199 3798 noa
1218 3745 1279 3797 aba·

141 3827 257 3881 tulerunt
277 3844 368 3882 secum
388 3827 664 3895 Oomtautiuopolim,
683 3827 765 3881 immo
788 3845 822 3881 ea
844 3846 926 3896 papa
949 3833 1140 3900 contempsisse
1160 3834 1279 3897 uidetur,

141 3921 170 3968 ut
189 3933 321 3970 maantam
344 3931 436 3970 aarum
459 3933 529 3984 qaae
555 3921 604 3970 aut
617 3933 670 3984 per
693 3917 846 3970 indiculum
868 3919 948 3972 illam
968 3926 1019 3972 aut
1035 3937 1089 3988 per
1106 3922 1281 3990 conloquium

142 4003 232 4072 legatis
248 4005 424 4066 intonasset.
440 4005 472 4058 ia
489 4021 569 4058 auum
586 4021 667 4060 amm
685 4006 803 4060 breuiter
816 4008 1055 4074 corapretenderet.
1074 4010 1148 4077 quod
1164 4012 1207 4063 ita
1225 4027 1282 4066 esse

143 4098 209 4146 eleo
228 4094 428 4162 eonrprodutur.
447 4094 521 4162 quod
544 4093 700 4148 Hormisdou
722 4113 753 4164 p.
776 4098 842 4159 520,
862 4100 904 4150 20
922 4096 989 4150 dicit
1006 4115 1075 4166 quae
1092 4099 1192 4167 legatis
1213 4103 1281 4158 (aon

142 4182 224 4249 nobis)
248 4182 418 4243 iniunximus,
438 4189 464 4237 et
482 4189 542 4238 tota
563 4186 656 4251 forma
679 4183 790 4238 dicendi
811 4186 893 4253 quusi
911 4185 1096 4240 adumbrante
1112 4187 1195 4256 inque
1211 4189 1280 4257 ipsas

143 4270 320 4338 capitulorum
338 4271 458 4326 exordiis
475 4273 551 4326 iusta
568 4274 765 4327 sententiarum
784 4275 931 4329 conscium
948 4282 1057 4328 carente
1092 4278 1127 4329 24
1141 4281 1223 4346 atque
1243 4278 1284 4333 V:

144 4363 222 4430 utque
242 4363 275 4424 (et
293 4361 355 4424 520,
378 4362 390 4413 l
412 4359 518 4426 debeat,
538 4363 599 4426 520,
618 4364 635 4416 4
655 4361 782 4429 debeant)
802 4363 882 4426 Bar,
902 4363 936 4416 ad
955 4380 1022 4434 quae
1040 4365 1120 4418 Thiel
