3025 4975
224 447 287 508 762
393 441 561 512 Epiphanius
581 441 798 496 Constanticnsis
817 439 849 494 de
869 441 921 496 XII
937 441 1050 512 gemmis
1069 441 1210 495 rationalis

220 746 318 810 haec
343 750 437 811 sunt
459 745 576 809 milia
598 745 768 828 Ephrem
793 748 833 809 et
855 746 953 810 haec
976 745 1093 808 milia
1117 745 1314 809 Manasse.

168 852 209 914 66
264 853 346 916 Item
370 852 538 916 undecima
562 853 682 916 numeri
707 852 824 917 diuisio
847 853 1008 935 probatur,
1033 853 1158 934 quando
1177 851 1372 934 praecipitur

222 961 278 1036 eis,
304 963 472 1040 antequam
500 957 718 1040 ingrediantur
748 961 864 1022 terram
892 959 1001 1036 Israel,
1030 977 1101 1022 mor
1129 958 1370 1022 transfretantes

219 1067 385 1131 Iordanem
420 1069 506 1130 stent
534 1086 629 1147 super
658 1066 737 1130 duos
769 1070 893 1131 montes
928 1066 1066 1131 Gerizim
1105 1071 1137 1130 et
1166 1065 1278 1140 Gebal,
1316 1084 1371 1128 ser
1400 1088 1414 1126 a

220 1174 293 1238 hinc
317 1175 411 1254 atque
435 1172 533 1250 inde„
548 1173 587 1236 ad
611 1173 861 1237 benedicendum
884 1173 945 1249 his,
971 1174 1024 1255 qui
1047 1173 1233 1236 custodiunt
1254 1173 1369 1255 legem,

220 1285 252 1344 et
275 1279 314 1343 ad
337 1279 588 1344 maledicendum
613 1280 673 1358 his,
699 1280 753 1361 qui
772 1281 853 1364 legis
871 1282 1041 1362 praecepta
1060 1297 1186 1344 seruare
1210 1281 1370 1360 contemp-

220 1387 328 1450 serint.
354 1389 385 1450 et
410 1391 459 1451 est
482 1387 545 1451 ista
569 1387 726 1451 contextio
750 1387 889 1450 numeri:
919 1407 991 1451 nam
1015 1403 1110 1468 super
1133 1384 1370 1449 benedictiones

219 1493 382 1558 consecuti
403 1497 477 1558 sunt
496 1493 623 1558 Simeon
643 1493 721 1557 Leni
742 1493 839 1558 Iudas
859 1495 987 1558 isachar
1004 1491 1118 1573 Ioseph
1139 1495 1172 1555 et
1188 1491 1368 1566 Beniamin;

220 1619 315 1682 super
350 1600 589 1665 maledictiones
628 1605 734 1664 autem
767 1600 816 1664 hi:
854 1601 967 1664 Ruben
1005 1599 1074 1664 (iad
1105 1599 1187 1662 Aser
1224 1599 1367 1662 Zabulon
1388 1623 1414 1660 m

218 1707 286 1771 Dan
313 1711 344 1773 et
367 1707 540 1789 Neptahm.

166 1801 208 1864 67
262 1814 459 1878 Duodecimn
478 1833 588 1878 rursus
610 1819 658 1877 est
679 1813 796 1878 diuisio
817 1813 948 1891 numeri,
966 1833 1039 1878 cum
1058 1814 1236 1879 sortiuntur
1253 1817 1367 1877 terram

217 1921 430 2003 possessionis
464 1939 539 1984 suae
574 1924 606 1986 et
633 1921 744 1984 Ruben
778 1925 862 1985 sorte
890 1920 1047 2004 contingit
1073 1925 1159 1984 trans
1191 1919 1367 1996 Iordanem,

219 2031 388 2110 antequam
412 2027 598 2092 transiretur
620 2028 651 2091 in
675 2029 792 2091 terram
815 2027 923 2092 Israel.
950 2031 981 2092 et
1004 2031 1055 2091 est
1076 2027 1140 2090 ieta
1167 2027 1366 2090 distributio:

220 2134 330 2198 Ruben
364 2137 396 2198 et
427 2134 513 2198 iuxta
546 2153 619 2198 eum
654 2132 722 2199 Gad
746 2137 779 2198 et
807 2134 939 2198 dimidia
969 2135 1072 2198 tribus
1103 2133 1265 2200 Manasse:
1296 2133 1365 2196 dein
1385 2155 1412 2193 ιθ

218 2244 417 2306 transeuntes
451 2240 612 2304 Iordanem
646 2242 768 2323 primus
800 2240 896 2305 Iudas
930 2240 1056 2323 accipit,
1090 2244 1161 2304 tum
1188 2240 1365 2315 Beniamin,

219 2347 289 2410 dein
328 2347 442 2429 Ioseph
481 2367 516 2411 er
551 2347 708 2422 Marassa
748 2347 819 2411 dein
857 2347 985 2412 Simeon
1018 2347 1100 2411 iuter
1136 2347 1301 2410 Beniamin
1334 2353 1366 2409 et

218 2453 328 2517 iudam
357 2454 480 2519 locatus
506 2456 537 2518 et
560 2457 597 2519 ut
619 2454 664 2519 ita
688 2455 817 2519 dixerim
847 2456 1075 2539 coangustatus
1107 2457 1166 2530 est,
1195 2453 1269 2536 quia
1298 2453 1362 2518 iilis

218 2560 320 2640 spatia
356 2580 415 2625 non
457 2560 598 2629 hiemat:
642 2561 711 2625 dein
754 2562 896 2626 Zabulon
936 2567 1052 2626 terram
1089 2561 1295 2643 consequitur
1331 2564 1364 2624 et

217 2666 345 2729 isachar
373 2670 404 2731 et
425 2668 505 2731 Aser
529 2672 561 2731 et
583 2668 745 2751 Neptalim
774 2672 807 2733 et
834 2668 913 2733 Dan.
945 2668 1023 2733 Leni
1051 2687 1125 2733 saue
1153 2668 1184 2731 in
1213 2667 1406 2731 omnibusne

218 2772 380 2853 dispersus
418 2779 466 2837 est
497 2774 654 2851 tribubus,
694 2776 843 2839 ciuitates
881 2775 1083 2840 solummodo
1116 2778 1149 2839 et
1182 2774 1363 2839 suburbana

216 2878 403 2961 percipiens.

165 2977 205 3040 68
261 2986 383 3050 Rursus
417 2987 510 3051 tertia
543 2987 666 3052 decima
695 2988 810 3053 diuisio
839 2988 963 3053 numeri
991 2988 1129 3053 occurrit
1151 3008 1186 3051 er
1210 2988 1363 3051 Zacharia

215 3092 377 3175 propheta,
399 3094 483 3157 sicut
503 3094 594 3159 dicit:
619 3095 656 3159 in
678 3094 753 3159 illa
773 3095 836 3159 die
856 3096 1053 3179 plangent
1073 3114 1207 3160 omnes
1224 3095 1360 3158 trihus

215 3201 359 3276 terrae,
388 3201 522 3265 tribus
551 3202 689 3266 domus
718 3202 849 3266 Dauid
880 3222 1001 3284 super
1029 3222 1068 3267 se
1097 3206 1136 3265 et
1163 3202 1403 3265 mulier-ess

215 3323 348 3368 eorum
380 3324 502 3389 super
526 3326 576 3383 se,
600 3309 736 3373 trihus
765 3310 905 3374 domne
929 3308 1086 3373 Nathan
1112 3326 1297 3390 superse
1322 3310 1360 3369 et

214 3412 406 3479 mulieres
426 3433 560 3479 eorum
581 3434 700 3495 super
724 3434 774 3494 se,
800 3416 934 3480 tribus
959 3416 1098 3480 domus
1118 3414 1217 3479 Leui
1237 3432 1359 3495 super

215 3539 255 3583 ee
293 3523 331 3584 et
368 3520 562 3585 mulieres
606 3538 741 3586 eorum
785 3541 906 3605 super
948 3542 999 3599 se,
1041 3523 1175 3587 tribus
1218 3522 1357 3585 domus

215 3626 373 3690 Simeon
416 3644 535 3708 super
577 3646 617 3691 se
660 3632 699 3693 et
739 3629 936 3693 mulieres
975 3649 1111 3694 eorum
1153 3646 1269 3709 super
1306 3646 1355 3703 se,

302 3903 318 3955 2
337 3902 483 3959 Deuteron.
504 3904 546 3967 33,
568 3905 599 3958 11
656 3906 672 3959 8
692 3905 724 3960 ci,
745 3908 893 3961 Deuteron.
912 3908 955 3971 27,
977 3909 1009 3961 12
1028 3924 1067 3976 sq.
1124 3908 1158 3963 13
1176 3924 1235 3975 sqq.
1254 3905 1288 3959 ci.
1302 3904 1352 3959 loe.

214 4006 270 4060 cap.
292 3992 397 4046 15-19
452 3993 484 4046 21
507 3994 539 4049 cf.
559 3994 611 4049 los.
632 3996 710 4057 14,4
765 3998 800 4050 24
819 3995 927 4049 Zachar.
948 3997 989 4058 12,
1011 3995 1117 4048 12-14

250 4166 262 4219 1
283 4167 405 4235 neptalin
430 4167 456 4219 V
507 4168 741 4225 Sbenedictiones
759 4172 857 4241 Fopq.:
877 4170 1013 4224 benedicti
1031 4171 1074 4224 hie
1094 4180 1108 4225 θ
1132 4169 1158 4222 V
1217 4169 1250 4223 lo
1268 4169 1306 4221 hii
1329 4166 1353 4219 V

214 4256 244 4308 11
265 4255 434 4325 neptalinV
512 4258 544 4311 13
568 4258 695 4313 iordanen
720 4260 746 4313 V
822 4262 856 4315 26
876 4267 902 4315 et
920 4263 953 4314 27
974 4277 1063 4313 eorum
1082 4259 1192 4329 scripsi:
1217 4255 1351 4312 earumV

211 4342 296 4411 Fopp.
353 4346 387 4398 28
406 4351 430 4398 et
450 4346 483 4399 29
504 4362 594 4399 eorum
613 4348 647 4401 V:
668 4365 758 4401 earum
776 4349 864 4419 Fopp.
