3025 4975
210 441 273 504 712
463 435 587 506 Synodus
606 435 911 504 Constantinopolitanae
927 434 1088 488 Hormisdae

161 629 184 691 6
209 651 335 697 ornnem
363 631 602 714 praeconiorum
628 631 748 695 fontem
771 629 1058 694 transcendentem.
1083 629 1134 692 his
1157 649 1232 713 ergo
1255 629 1356 694 uirtu-

208 741 295 804 tibus
337 739 460 821 pollens
502 758 563 803 non
603 738 750 802 inmerito
793 737 936 818 proprias
978 739 1010 800 et
1050 735 1186 800 creditas
1227 735 1357 801 sibimet

115 859 117 864 ’
207 846 359 910 maximas
390 844 543 909 ecclesiae
572 863 664 909 curas
689 843 850 926 sapienter
882 846 913 907 et
945 843 1079 907 honesto
1103 842 1244 926 gessisse
1268 842 1357 908 dino-

209 952 319 1029 scitur,
344 952 464 1016 habens
496 952 528 1015 in
560 953 666 1016 mente
689 950 780 1028 illud,
805 949 891 1032 quod
924 969 943 1013 a
974 949 1055 1014 sacri
1084 947 1200 1013 cantici
1228 954 1358 1014 arrotore

207 1060 344 1123 relatum
373 1064 437 1123 est:
469 1077 510 1123 os
539 1077 663 1122 meum
687 1058 878 1138 loquitur
901 1056 1149 1139 sapientiam
1174 1059 1213 1120 et
1235 1057 1353 1121 medi·
1384 1077 1398 1115 s

161 1163 181 1224 7
208 1169 313 1233 tatio
348 1169 483 1233 cordis
519 1169 592 1232 mei
619 1167 889 1251 prudentiam.
920 1167 1002 1231 unde
1031 1167 1206 1231 secundum
1233 1171 1354 1230 rectam

207 1279 240 1339 et
261 1275 457 1357 probabilem
481 1275 661 1340 fidelissimi
684 1278 717 1339 et
735 1274 999 1339 christianissimi
1022 1274 1124 1338 nostri
1146 1274 1298 1357 principis
1323 1276 1357 1336 et

205 1381 369 1463 piissimae
399 1381 526 1466 reginae
551 1385 583 1446 et
606 1381 912 1465 gloriosissimorum
935 1380 1117 1446 communis
1139 1380 1355 1462 reipublicae

205 1507 371 1571 procerum
402 1489 603 1566 sententiam,
632 1491 739 1552 nostra
767 1507 894 1570 quoque
922 1489 955 1551 et
982 1487 1046 1550 iam
1071 1486 1268 1551 omnium'in
1293 1487 1353 1549 hac

205 1595 282 1659 urhe
328 1595 540 1659 habitantium
588 1595 812 1660 testificatione
857 1594 1011 1658 iudicium
1057 1593 1150 1657 Pauli
1196 1592 1352 1656 mirabilis
1374 1612 1398 1649 ιο

206 1703 384 1768 communis
418 1702 571 1768 ecclesiae
605 1703 743 1768 doctoris
776 1720 838 1767 non
871 1705 922 1766 est
948 1703 980 1765 in
1010 1719 1046 1766 eo
1076 1700 1268 1777 fraudatum,
1297 1699 1354 1781 qui

205 1810 588 1892 inreprehensibilem
604 1809 814 1875 essedebere
829 1811 1048 1892 episcopum
1064 1809 1245 1874 denuntiat:
1261 1809 1354 1872 itaet

204 1919 346 1980 nostrum
363 1917 545 1999 pontificem
560 1917 734 1982 uirtutibus
749 1917 888 1998 undique
903 1919 1087 1981 coronatum
1103 1935 1173 1981 esse
1192 1915 1352 1980 uidemus.

158 2021 304 2106 digitur
346 2025 595 2088 ecclesiasticam
637 2023 741 2107 legem
788 2024 956 2106 implentes
1003 2023 1196 2106 apostolatui
1241 2027 1352 2087 uestro

205 2131 408 2195 salutationis
451 2130 596 2194 debitum
636 2131 857 2213 persoluentes
904 2129 1045 2194 officium
1091 2148 1268 2213 speramus,
1315 2132 1354 2193 ut
1372 2153 1397 2192 n

204 2237 341 2318 amplius
372 2237 513 2302 caritatis
542 2237 707 2302 uinculum
735 2241 768 2301 et
794 2241 961 2320 paternum
994 2237 1143 2302 affectum
1176 2237 1260 2301 circa
1292 2255 1351 2301 nos

204 2343 319 2407 caritas
348 2346 455 2408 nestra
485 2345 644 2409 custodire
673 2344 822 2427 dignetur
850 2349 883 2408 et
906 2344 1043 2425 sapienti
1066 2343 1294 2426 gubemationo
1319 2348 1352 2436 et

204 2449 396 2531 humilitate,
426 2469 487 2532 qua
515 2450 694 2517 Christiano
724 2451 823 2530 decet,
853 2455 886 2516 et
912 2450 1167 2528 mansuetudine,
1196 2469 1278 2533 quae
1310 2452 1351 2517 ad

201 2556 400 2623 rationabilis
429 2558 538 2622 traditi
572 2558 664 2623 uobis
698 2558 793 2622 ouilis
825 2560 964 2641 pertinet
996 2558 1144 2636 salutem,
1177 2558 1350 2642 peragatis,

201 2682 370 2727 commone
406 2664 530 2728 lucrum
569 2665 798 2743 existimantes,
837 2666 922 2747 quod
955 2684 1012 2747 per
1047 2684 1107 2730 uos
1140 2668 1172 2729 et
1204 2668 1350 2729 nestrum
1368 2680 1395 2718 2⁰

202 2788 387 2853 germanum
415 2773 447 2833 et
471 2770 800 2848 comministratorem,
824 2776 969 2835 nostmm
994 2775 1101 2835 autern
1126 2771 1291 2836 domiuum
1315 2778 1350 2837 et

200 2876 421 2957 patriarcham,
450 2896 559 2960 pacem
588 2878 690 2943 totius
719 2879 804 2942 orbis
833 2879 1041 2943 ecclesiarum
1070 2898 1140 2942 esse
1172 2878 1347 2961 prouisam.

154 2982 330 3048 9frat1em
360 2985 441 3049 enim
471 3004 488 3048 a
515 2985 610 3048 fratre
640 2985 785 3049 adiuuari
814 2985 1001 3066 spiritaliter
1028 3004 1135 3050 muros
1165 3004 1235 3049 esse
1262 2986 1348 3049 inex-

200 3090 388 3175 pugnabiles
427 3095 459 3156 et
495 3092 659 3158 ciuitatem
696 3092 851 3156 munitam
889 3111 926 3155 ex
961 3091 1079 3156 diuinis
1115 3097 1166 3157 est
1203 3092 1348 3175 accipere

200 3197 376 3281 scriptoris.
401 3218 472 3262 nam
497 3200 523 3263 si
544 3200 671 3281 quidem
691 3198 971 3264 intercessionibus
992 3205 1117 3264 uestrae
1135 3198 1346 3265 beatitudinis
1363 3212 1391 3251 2⁵

199 3306 354 3388 generalis
382 3306 596 3387 tranquillitas
625 3306 770 3371 ecclesiis
799 3306 1042 3370 orthodoxorum
1065 3305 1161 3369 fuerit
1182 3305 1345 3384 redonata,

198 3412 300 3495 gloria
328 3412 456 3494 quidem
484 3414 515 3477 in
546 3412 678 3477 excelsis
708 3412 765 3477 deo
791 3412 933 3477 omnium
957 3411 1111 3477 saluatori
1134 3430 1190 3495 per
1212 3412 1345 3495 angelos

288 3672 520 3737 5Psalm.48,4
576 3674 608 3725 12
628 3672 809 3738 limina
864 3674 1059 3732 23Pr0u.1a.
1082 3675 1114 3727 19
1174 3675 1208 3727 27
1228 3690 1287 3744 sqq.
1308 3674 1341 3729 cs.

198 3762 261 3815 Luc.
282 3762 307 3823 2,
328 3762 361 3813 14

234 3903 407 3971 3sapientes
430 3902 460 3965 V,
481 3919 548 3957 corr.
569 3902 596 3953 ο2
666 3904 781 3957 honeste
807 3904 836 3967 V,
856 3920 924 3960 corr.
944 3923 962 3955 α
1015 3903 1178 3974 eloquetur
1198 3904 1263 3959 Car.
1283 3922 1342 3960 eum

202 3990 326 4059 Vulgata
400 3991 485 4045 9hao
505 4010 531 4044 o:
550 3994 600 4045 har
623 3992 649 4045 V
727 3994 761 4046 18
781 4008 834 4061 qua
857 3993 893 4047 V:
913 4010 981 4063 quee
1003 3993 1066 4047 Cor.
1158 3992 1342 4048 Christianum

196 4080 267 4132 Bar.
358 4082 393 4134 23
412 4080 523 4134 fratrem
539 4083 651 4150 carpsi:
668 4082 724 4135 irat
749 4082 777 4134 V
868 4083 978 4136 adiutus
998 4082 1078 4139 roni
1174 4100 1265 4137 niuros
1283 4100 1342 4138 esse

196 4169 419 4238 inexpugnabiles
438 4170 549 4239 scripsi:
572 4187 663 4223 murus
683 4174 725 4225 est
743 4172 959 4242 inexpugnabilis
982 4172 1009 4225 V
1066 4174 1102 4227 24
1120 4174 1218 4227 ciuitas
1237 4173 1343 4228 munita

199 4258 263 4313 Car.
302 4260 336 4313 25
356 4260 464 4328 quidem
483 4260 597 4327 scripsi:
616 4260 688 4329 quod
707 4260 738 4325 V,
753 4278 807 4330 qua
819 4260 855 4326 οἳ,
871 4278 939 4331 quae
957 4261 1029 4324 Gar,
1044 4277 1095 4317 cai.
1109 4262 1181 4315 Bar.
1219 4263 1255 4318 26
1269 4270 1342 4317 orto·

195 4347 324 4402 donorum
348 4348 374 4400 V
