<?xml version="1.0" encoding="UTF-8"?>
<!DOCTYPE html PUBLIC "-//W3C//DTD XHTML 1.0 Transitional//EN"
    "http://www.w3.org/TR/xhtml1/DTD/xhtml1-transitional.dtd">
<html xmlns="http://www.w3.org/1999/xhtml" xml:lang="en" lang="en">
 <head>
  <title>
</title>
<meta http-equiv="Content-Type" content="text/html;charset=utf-8" />
  <meta name='ocr-system' content='tesseract 3.04.00' />
  <meta name='ocr-capabilities' content='ocr_page ocr_carea ocr_par ocr_line ocrx_word'/>
</head>
<body>
  <div class='ocr_page' id='page_1' title='image "./corpusscriptoru02wiengoog_0232.png"; bbox 0 0 3025 4975; ppageno 0'>
   <div class='ocr_carea' id='block_1_1' title="bbox 205 412 1088 483">
    <p class='ocr_par' dir='ltr' id='par_1_1' title="bbox 205 412 1088 483">
     <span class='ocr_line' id='line_1_1' title="bbox 205 412 1088 483; baseline -0.007 -11"><span class='ocrx_word' id='word_1_1' title='bbox 205 418 269 482; x_wconf 84' lang='lat'>710</span> <span class='ocrx_word' id='word_1_2' title='bbox 461 413 583 483; x_wconf 58' lang='lat' dir='ltr'>synodus</span> <span class='ocrx_word' id='word_1_3' title='bbox 603 412 909 482; x_wconf 77' lang='lat' dir='ltr'>Constantinopolitanae</span> <span class='ocrx_word' id='word_1_4' title='bbox 926 413 1088 467; x_wconf 84' lang='lat' dir='ltr'>Hormisdue</span> 
     </span>
    </p>
   </div>
   <div class='ocr_carea' id='block_1_2' title="bbox 153 607 1402 2912">
    <p class='ocr_par' dir='ltr' id='par_1_2' title="bbox 204 607 1353 1012">
     <span class='ocr_line' id='line_1_2' title="bbox 205 607 1351 692; baseline -0.001 -19"><span class='ocrx_word' id='word_1_5' title='bbox 205 609 318 674; x_wconf 87' lang='lat' dir='ltr'>debeat</span> <span class='ocrx_word' id='word_1_6' title='bbox 341 608 525 674; x_wconf 89' lang='lat' dir='ltr'>multitudo.</span> <span class='ocrx_word' id='word_1_7' title='bbox 550 628 621 672; x_wconf 89' lang='lat' dir='ltr'>nam</span> <span class='ocrx_word' id='word_1_8' title='bbox 647 627 756 674; x_wconf 87' lang='lat' dir='ltr'>ornnes</span> <span class='ocrx_word' id='word_1_9' title='bbox 780 627 836 692; x_wconf 90' lang='lat' dir='ltr'>per</span> <span class='ocrx_word' id='word_1_10' title='bbox 859 607 1099 692; x_wconf 78' lang='lat' dir='ltr'>suggestionem</span> <span class='ocrx_word' id='word_1_11' title='bbox 1124 627 1233 673; x_wconf 87' lang='lat' dir='ltr'>eorum</span> <span class='ocrx_word' id='word_1_12' title='bbox 1255 609 1300 673; x_wconf 86' lang='lat' dir='ltr'>ita</span> <span class='ocrx_word' id='word_1_13' title='bbox 1319 608 1351 672; x_wconf 93' lang='lat' dir='ltr'>in</span> 
     </span>
     <span class='ocr_line' id='line_1_3' title="bbox 204 715 1352 798; baseline -0.001 -18"><span class='ocrx_word' id='word_1_14' title='bbox 204 715 427 781; x_wconf 74' lang='lat' dir='ltr'><strong>obstinationis</strong></span> <span class='ocrx_word' id='word_1_15' title='bbox 451 735 527 780; x_wconf 89' lang='lat' dir='ltr'>suae</span> <span class='ocrx_word' id='word_1_16' title='bbox 546 715 631 781; x_wconf 86' lang='lat' dir='ltr'>malo</span> <span class='ocrx_word' id='word_1_17' title='bbox 649 717 832 798; x_wconf 86' lang='lat' dir='ltr'>perdurant,</span> <span class='ocrx_word' id='word_1_18' title='bbox 851 719 889 778; x_wconf 90' lang='lat' dir='ltr'>nt</span> <span class='ocrx_word' id='word_1_19' title='bbox 906 715 1009 779; x_wconf 91' lang='lat' dir='ltr'>uelint</span> <span class='ocrx_word' id='word_1_20' title='bbox 1026 717 1099 779; x_wconf 85' lang='lat' dir='ltr'>aute</span> <span class='ocrx_word' id='word_1_21' title='bbox 1117 715 1188 779; x_wconf 86' lang='lat' dir='ltr'>uita</span> <span class='ocrx_word' id='word_1_22' title='bbox 1204 715 1352 780; x_wconf 79' lang='lat' dir='ltr'>recedere</span> 
     </span>
     <span class='ocr_line' id='line_1_4' title="bbox 204 820 1352 907; baseline -0.001 -21"><span class='ocrx_word' id='word_1_23' title='bbox 204 841 298 904; x_wconf 90' lang='lat' dir='ltr'>quam</span> <span class='ocrx_word' id='word_1_24' title='bbox 335 822 514 907; x_wconf 83' lang='lat' dir='ltr'>excogitata</span> <span class='ocrx_word' id='word_1_25' title='bbox 549 823 738 904; x_wconf 84' lang='lat' dir='ltr'>relinquere,</span> <span class='ocrx_word' id='word_1_26' title='bbox 776 825 815 886; x_wconf 91' lang='lat' dir='ltr'>ut</span> <span class='ocrx_word' id='word_1_27' title='bbox 850 820 878 887; x_wconf 87' lang='lat' dir='ltr'>si</span> <span class='ocrx_word' id='word_1_28' title='bbox 916 820 994 887; x_wconf 89' lang='lat' dir='ltr'>deus</span> <span class='ocrx_word' id='word_1_29' title='bbox 1031 822 1091 886; x_wconf 92' lang='lat' dir='ltr'>hos</span> <span class='ocrx_word' id='word_1_30' title='bbox 1122 841 1180 904; x_wconf 89' lang='lat' dir='ltr'>per</span> <span class='ocrx_word' id='word_1_31' title='bbox 1210 827 1352 886; x_wconf 93' lang='lat' dir='ltr'>uestram</span> 
     </span>
     <span class='ocr_line' id='line_1_5' title="bbox 204 927 1353 1012; baseline 0 -20"><span class='ocrx_word' id='word_1_32' title='bbox 204 927 436 994; x_wconf 90' lang='lat' dir='ltr'>beatitudiuem</span> <span class='ocrx_word' id='word_1_33' title='bbox 463 929 593 994; x_wconf 86' lang='lat' dir='ltr'>adunari</span> <span class='ocrx_word' id='word_1_34' title='bbox 621 929 828 1012; x_wconf 76' lang='lat' dir='ltr'>praeceperit,</span> <span class='ocrx_word' id='word_1_35' title='bbox 857 931 983 993; x_wconf 87' lang='lat' dir='ltr'>uestrae</span> <span class='ocrx_word' id='word_1_36' title='bbox 1010 928 1116 993; x_wconf 85' lang='lat' dir='ltr'>laudis</span> <span class='ocrx_word' id='word_1_37' title='bbox 1144 930 1294 994; x_wconf 89' lang='lat' dir='ltr'>meritum</span> <span class='ocrx_word' id='word_1_38' title='bbox 1319 931 1353 992; x_wconf 93' lang='lat' dir='ltr'>et</span> 
     </span>
    </p>

    <p class='ocr_par' dir='ltr' id='par_1_3' title="bbox 153 1034 1400 1758">
     <span class='ocr_line' id='line_1_6' title="bbox 153 1034 1398 1119; baseline -0.001 -22"><span class='ocrx_word' id='word_1_39' title='bbox 153 1035 424 1118; x_wconf 88' lang='lat' dir='ltr'>10praesentibus</span> <span class='ocrx_word' id='word_1_40' title='bbox 458 1040 491 1100; x_wconf 91' lang='lat' dir='ltr'>et</span> <span class='ocrx_word' id='word_1_41' title='bbox 522 1037 640 1101; x_wconf 83' lang='lat' dir='ltr'>futuris</span> <span class='ocrx_word' id='word_1_42' title='bbox 673 1035 871 1101; x_wconf 83' lang='lat' dir='ltr'>adscribatur</span> <span class='ocrx_word' id='word_1_43' title='bbox 901 1034 1111 1117; x_wconf 68' lang='lat' dir='ltr'>temporibus.</span> <span class='ocrx_word' id='word_1_44' title='bbox 1149 1038 1218 1100; x_wconf 89' lang='lat' dir='ltr'>oret</span> <span class='ocrx_word' id='word_1_45' title='bbox 1251 1035 1355 1119; x_wconf 80' lang='lat' dir='ltr'>igitur</span> <span class='ocrx_word' id='word_1_46' title='bbox 1384 1058 1398 1096; x_wconf 74' lang='lat' dir='ltr'>s</span> 
     </span>
     <span class='ocr_line' id='line_1_7' title="bbox 205 1139 1356 1226; baseline -0.001 -21"><span class='ocrx_word' id='word_1_47' title='bbox 205 1145 314 1206; x_wconf 89' lang='lat' dir='ltr'>uestra</span> <span class='ocrx_word' id='word_1_48' title='bbox 342 1143 494 1208; x_wconf 86' lang='lat' dir='ltr'>sanctitas</span> <span class='ocrx_word' id='word_1_49' title='bbox 523 1145 587 1209; x_wconf 87' lang='lat' dir='ltr'>tam</span> <span class='ocrx_word' id='word_1_50' title='bbox 613 1163 668 1226; x_wconf 90' lang='lat' dir='ltr'>pro</span> <span class='ocrx_word' id='word_1_51' title='bbox 692 1143 849 1226; x_wconf 81' lang='lat' dir='ltr'>piissimis</span> <span class='ocrx_word' id='word_1_52' title='bbox 873 1143 907 1207; x_wconf 91' lang='lat' dir='ltr'>et</span> <span class='ocrx_word' id='word_1_53' title='bbox 929 1139 1216 1207; x_wconf 75' lang='lat' dir='ltr'>Christianissimis</span> <span class='ocrx_word' id='word_1_54' title='bbox 1238 1141 1356 1224; x_wconf 90' lang='lat' dir='ltr'>prinei-</span> 
     </span>
     <span class='ocr_line' id='line_1_8' title="bbox 203 1247 1354 1333; baseline 0 -23"><span class='ocrx_word' id='word_1_55' title='bbox 203 1249 299 1332; x_wconf 89' lang='lat' dir='ltr'>pibus</span> <span class='ocrx_word' id='word_1_56' title='bbox 328 1268 423 1332; x_wconf 85' lang='lat' dir='ltr'>quam</span> <span class='ocrx_word' id='word_1_57' title='bbox 451 1269 507 1332; x_wconf 89' lang='lat' dir='ltr'>pro</span> <span class='ocrx_word' id='word_1_58' title='bbox 536 1253 645 1316; x_wconf 89' lang='lat' dir='ltr'>nostra</span> <span class='ocrx_word' id='word_1_59' title='bbox 671 1251 830 1333; x_wconf 85' lang='lat' dir='ltr'>paruitate</span> <span class='ocrx_word' id='word_1_60' title='bbox 859 1252 892 1314; x_wconf 91' lang='lat' dir='ltr'>et</span> <span class='ocrx_word' id='word_1_61' title='bbox 922 1249 1096 1314; x_wconf 87' lang='lat' dir='ltr'>uniuersali</span> <span class='ocrx_word' id='word_1_62' title='bbox 1128 1247 1282 1324; x_wconf 83' lang='lat' dir='ltr'>unitione,</span> <span class='ocrx_word' id='word_1_63' title='bbox 1314 1249 1354 1311; x_wconf 93' lang='lat' dir='ltr'>ut</span> 
     </span>
     <span class='ocr_line' id='line_1_9' title="bbox 204 1353 1353 1438; baseline -0.003 -18"><span class='ocrx_word' id='word_1_64' title='bbox 204 1355 307 1438; x_wconf 83' lang='lat' dir='ltr'>gratia</span> <span class='ocrx_word' id='word_1_65' title='bbox 331 1360 457 1420; x_wconf 90' lang='lat' dir='ltr'>sanctae</span> <span class='ocrx_word' id='word_1_66' title='bbox 481 1357 632 1422; x_wconf 89' lang='lat' dir='ltr'>etunius</span> <span class='ocrx_word' id='word_1_67' title='bbox 656 1356 813 1422; x_wconf 90' lang='lat' dir='ltr'>essentiae</span> <span class='ocrx_word' id='word_1_68' title='bbox 838 1355 990 1421; x_wconf 73' lang='lat' dir='ltr'>trinitatis</span> <span class='ocrx_word' id='word_1_69' title='bbox 1014 1360 1048 1420; x_wconf 89' lang='lat' dir='ltr'>et</span> <span class='ocrx_word' id='word_1_70' title='bbox 1069 1353 1353 1420; x_wconf 81' lang='lat' dir='ltr'>intercessionibus</span> 
     </span>
     <span class='ocr_line' id='line_1_10' title="bbox 206 1459 1352 1545; baseline 0.003 -22"><span class='ocrx_word' id='word_1_71' title='bbox 206 1460 350 1526; x_wconf 90' lang='lat' dir='ltr'>dominae</span> <span class='ocrx_word' id='word_1_72' title='bbox 378 1463 504 1525; x_wconf 90' lang='lat' dir='ltr'>nostrae</span> <span class='ocrx_word' id='word_1_73' title='bbox 533 1465 660 1526; x_wconf 87' lang='lat' dir='ltr'>sanctae</span> <span class='ocrx_word' id='word_1_74' title='bbox 690 1462 848 1545; x_wconf 88' lang='lat' dir='ltr'>gloriosae</span> <span class='ocrx_word' id='word_1_75' title='bbox 876 1459 1011 1544; x_wconf 83' lang='lat' dir='ltr'>uirginis</span> <span class='ocrx_word' id='word_1_76' title='bbox 1039 1463 1074 1524; x_wconf 93' lang='lat' dir='ltr'>et</span> <span class='ocrx_word' id='word_1_77' title='bbox 1105 1459 1156 1524; x_wconf 92' lang='lat' dir='ltr'>dei</span> <span class='ocrx_word' id='word_1_78' title='bbox 1188 1460 1352 1543; x_wconf 83' lang='lat' dir='ltr'>genitricis</span> 
     </span>
     <span class='ocr_line' id='line_1_11' title="bbox 205 1567 1400 1632; baseline 0 0"><span class='ocrx_word' id='word_1_79' title='bbox 205 1567 323 1632; x_wconf 84' lang='lat' dir='ltr'>Mariae</span> <span class='ocrx_word' id='word_1_80' title='bbox 339 1567 444 1632; x_wconf 88' lang='lat' dir='ltr'>omnia</span> <span class='ocrx_word' id='word_1_81' title='bbox 458 1567 498 1631; x_wconf 87' lang='lat' dir='ltr'>ad</span> <span class='ocrx_word' id='word_1_82' title='bbox 512 1568 668 1632; x_wconf 87' lang='lat' dir='ltr'>unitatem</span> <span class='ocrx_word' id='word_1_83' title='bbox 685 1567 857 1632; x_wconf 85' lang='lat' dir='ltr'>indiuisam</span> <span class='ocrx_word' id='word_1_84' title='bbox 868 1567 1059 1632; x_wconf 88' lang='lat' dir='ltr'>conueniant</span> <span class='ocrx_word' id='word_1_85' title='bbox 1069 1567 1354 1632; x_wconf 83' lang='lat' dir='ltr'>etfuudamentum</span> <span class='ocrx_word' id='word_1_86' title='bbox 1375 1595 1400 1632; x_wconf 77' lang='grc' dir='ltr'>ιο</span> 
     </span>
     <span class='ocr_line' id='line_1_12' title="bbox 204 1673 1354 1758; baseline 0.002 -21"><span class='ocrx_word' id='word_1_87' title='bbox 204 1673 431 1738; x_wconf 89' lang='lat' dir='ltr'>inconcussum</span> <span class='ocrx_word' id='word_1_88' title='bbox 451 1674 625 1739; x_wconf 87' lang='lat' dir='ltr'>catholicae</span> <span class='ocrx_word' id='word_1_89' title='bbox 644 1675 718 1740; x_wconf 86' lang='lat' dir='ltr'>fidei</span> <span class='ocrx_word' id='word_1_90' title='bbox 732 1675 945 1752; x_wconf 85' lang='lat' dir='ltr'>confirmetur,</span> <span class='ocrx_word' id='word_1_91' title='bbox 959 1693 1016 1758; x_wconf 90' lang='lat' dir='ltr'>per</span> <span class='ocrx_word' id='word_1_92' title='bbox 1030 1675 1135 1740; x_wconf 90' lang='lat' dir='ltr'>omnia</span> <span class='ocrx_word' id='word_1_93' title='bbox 1150 1675 1354 1740; x_wconf 85' lang='lat' dir='ltr'>sanctissime</span> 
     </span>
    </p>

    <p class='ocr_par' dir='ltr' id='par_1_4' title="bbox 154 1779 1400 2505">
     <span class='ocr_line' id='line_1_13' title="bbox 154 1779 1353 1847; baseline 0.003 -3"><span class='ocrx_word' id='word_1_94' title='bbox 154 1781 310 1845; x_wconf 75' lang='lat' dir='ltr'>litteter.</span> <span class='ocrx_word' id='word_1_95' title='bbox 355 1780 472 1844; x_wconf 88' lang='lat' dir='ltr'>indicia</span> <span class='ocrx_word' id='word_1_96' title='bbox 517 1785 623 1846; x_wconf 88' lang='lat' dir='ltr'>autem</span> <span class='ocrx_word' id='word_1_97' title='bbox 665 1787 792 1847; x_wconf 86' lang='lat' dir='ltr'>nostrae</span> <span class='ocrx_word' id='word_1_98' title='bbox 833 1781 1009 1846; x_wconf 90' lang='lat' dir='ltr'>secundum</span> <span class='ocrx_word' id='word_1_99' title='bbox 1051 1779 1216 1847; x_wconf 78' lang='lat' dir='ltr'>Christum</span> <span class='ocrx_word' id='word_1_100' title='bbox 1257 1783 1353 1847; x_wconf 91' lang='lat' dir='ltr'>deum</span> 
     </span>
     <span class='ocr_line' id='line_1_14' title="bbox 205 1888 1353 1971; baseline 0.002 -20"><span class='ocrx_word' id='word_1_101' title='bbox 205 1892 348 1953; x_wconf 88' lang='lat' dir='ltr'>nostrum</span> <span class='ocrx_word' id='word_1_102' title='bbox 378 1888 519 1952; x_wconf 87' lang='lat' dir='ltr'>caritatis</span> <span class='ocrx_word' id='word_1_103' title='bbox 546 1907 603 1971; x_wconf 90' lang='lat' dir='ltr'>per</span> <span class='ocrx_word' id='word_1_104' title='bbox 630 1889 716 1953; x_wconf 91' lang='lat' dir='ltr'>uiros</span> <span class='ocrx_word' id='word_1_105' title='bbox 743 1889 1020 1954; x_wconf 89' lang='lat' dir='ltr'>reuerentissimos</span> <span class='ocrx_word' id='word_1_106' title='bbox 1048 1889 1280 1954; x_wconf 83' lang='lat' dir='ltr'>destinauimus</span> <span class='ocrx_word' id='word_1_107' title='bbox 1313 1889 1353 1953; x_wconf 85' lang='lat' dir='ltr'>ad</span> 
     </span>
     <span class='ocr_line' id='line_1_15' title="bbox 206 1994 1354 2078; baseline 0.003 -19"><span class='ocrx_word' id='word_1_108' title='bbox 206 1994 470 2060; x_wconf 83' lang='lat' dir='ltr'>ministrationem</span> <span class='ocrx_word' id='word_1_109' title='bbox 509 1995 635 2060; x_wconf 90' lang='lat' dir='ltr'>diuinae</span> <span class='ocrx_word' id='word_1_110' title='bbox 673 1996 818 2060; x_wconf 88' lang='lat' dir='ltr'>culturae</span> <span class='ocrx_word' id='word_1_111' title='bbox 855 1999 888 2060; x_wconf 90' lang='lat' dir='ltr'>et</span> <span class='ocrx_word' id='word_1_112' title='bbox 924 1999 1052 2062; x_wconf 88' lang='lat' dir='ltr'>sanctae</span> <span class='ocrx_word' id='word_1_113' title='bbox 1089 1998 1122 2060; x_wconf 88' lang='lat' dir='ltr'>et</span> <span class='ocrx_word' id='word_1_114' title='bbox 1158 1995 1354 2078; x_wconf 86' lang='lat' dir='ltr'>apostolicae</span> 
     </span>
     <span class='ocr_line' id='line_1_16' title="bbox 206 2101 1400 2186; baseline 0.001 -20"><span class='ocrx_word' id='word_1_115' title='bbox 206 2105 332 2166; x_wconf 88' lang='lat' dir='ltr'>uestrae</span> <span class='ocrx_word' id='word_1_116' title='bbox 379 2101 530 2166; x_wconf 86' lang='lat' dir='ltr'>eeclesiae</span> <span class='ocrx_word' id='word_1_117' title='bbox 577 2101 709 2166; x_wconf 86' lang='lat' dir='ltr'>calicem</span> <span class='ocrx_word' id='word_1_118' title='bbox 756 2121 886 2166; x_wconf 88' lang='lat' dir='ltr'>aureum</span> <span class='ocrx_word' id='word_1_119' title='bbox 933 2102 1069 2186; x_wconf 85' lang='lat' dir='ltr'>gemmis</span> <span class='ocrx_word' id='word_1_120' title='bbox 1110 2102 1354 2181; x_wconf 87' lang='lat' dir='ltr'>circumdatum,</span> <span class='ocrx_word' id='word_1_121' title='bbox 1374 2129 1400 2168; x_wconf 76' lang='lat' dir='ltr'>rs</span> 
     </span>
     <span class='ocr_line' id='line_1_17' title="bbox 206 2207 1357 2292; baseline 0.002 -20"><span class='ocrx_word' id='word_1_122' title='bbox 206 2213 353 2291; x_wconf 87' lang='lat' dir='ltr'>patenam</span> <span class='ocrx_word' id='word_1_123' title='bbox 378 2228 504 2274; x_wconf 86' lang='lat' dir='ltr'>auream</span> <span class='ocrx_word' id='word_1_124' title='bbox 529 2211 561 2273; x_wconf 91' lang='lat' dir='ltr'>et</span> <span class='ocrx_word' id='word_1_125' title='bbox 583 2208 683 2273; x_wconf 88' lang='lat' dir='ltr'>ulium</span> <span class='ocrx_word' id='word_1_126' title='bbox 707 2208 839 2273; x_wconf 86' lang='lat' dir='ltr'>calicem</span> <span class='ocrx_word' id='word_1_127' title='bbox 862 2211 1059 2292; x_wconf 79' lang='lat' dir='ltr'>argenteum,</span> <span class='ocrx_word' id='word_1_128' title='bbox 1082 2208 1156 2273; x_wconf 81' lang='lat' dir='ltr'>uela</span> <span class='ocrx_word' id='word_1_129' title='bbox 1178 2207 1357 2274; x_wconf 86' lang='lat' dir='ltr'>holoserica</span> 
     </span>
     <span class='ocr_line' id='line_1_18' title="bbox 207 2314 1356 2398; baseline 0.002 -20"><span class='ocrx_word' id='word_1_130' title='bbox 207 2315 281 2392; x_wconf 75' lang='lat' dir='ltr'>duo,</span> <span class='ocrx_word' id='word_1_131' title='bbox 320 2334 398 2397; x_wconf 87' lang='lat' dir='ltr'>quae</span> <span class='ocrx_word' id='word_1_132' title='bbox 436 2315 598 2398; x_wconf 87' lang='lat' dir='ltr'>suscipere</span> <span class='ocrx_word' id='word_1_133' title='bbox 635 2319 777 2380; x_wconf 87' lang='lat' dir='ltr'>uestram</span> <span class='ocrx_word' id='word_1_134' title='bbox 813 2315 1095 2390; x_wconf 71' lang='lat' dir='ltr'>&lt;beattudinem&gt;</span> <span class='ocrx_word' id='word_1_135' title='bbox 1135 2314 1356 2397; x_wconf 86' lang='lat' dir='ltr'>supplicamus</span> 
     </span>
     <span class='ocr_line' id='line_1_19' title="bbox 208 2420 1356 2505; baseline -0.002 -19"><span class='ocrx_word' id='word_1_136' title='bbox 208 2441 281 2486; x_wconf 90' lang='lat' dir='ltr'>oum</span> <span class='ocrx_word' id='word_1_137' title='bbox 319 2421 374 2485; x_wconf 84' lang='lat' dir='ltr'>illa</span> <span class='ocrx_word' id='word_1_138' title='bbox 410 2421 554 2498; x_wconf 81' lang='lat' dir='ltr'>karitate,</span> <span class='ocrx_word' id='word_1_139' title='bbox 588 2441 683 2505; x_wconf 87' lang='lat' dir='ltr'>quam</span> <span class='ocrx_word' id='word_1_140' title='bbox 716 2441 775 2489; x_wconf 91' lang='lat' dir='ltr'>uos</span> <span class='ocrx_word' id='word_1_141' title='bbox 808 2421 923 2486; x_wconf 86' lang='lat' dir='ltr'>habere</span> <span class='ocrx_word' id='word_1_142' title='bbox 956 2420 1131 2486; x_wconf 89' lang='lat' dir='ltr'>secundum</span> <span class='ocrx_word' id='word_1_143' title='bbox 1164 2421 1261 2485; x_wconf 89' lang='lat' dir='ltr'>deum</span> <span class='ocrx_word' id='word_1_144' title='bbox 1292 2440 1356 2485; x_wconf 94' lang='lat' dir='ltr'>non</span> 
     </span>
    </p>

    <p class='ocr_par' dir='ltr' id='par_1_5' title="bbox 157 2528 1402 2912">
     <span class='ocr_line' id='line_1_20' title="bbox 157 2528 1359 2611; baseline 0 -17"><span class='ocrx_word' id='word_1_145' title='bbox 157 2528 403 2595; x_wconf 81' lang='lat' dir='ltr'>l2dnbitamus</span> <span class='ocrx_word' id='word_1_146' title='bbox 429 2546 554 2592; x_wconf 91' lang='lat' dir='ltr'>omnem</span> <span class='ocrx_word' id='word_1_147' title='bbox 578 2529 609 2593; x_wconf 94' lang='lat' dir='ltr'>iu</span> <span class='ocrx_word' id='word_1_148' title='bbox 634 2528 761 2595; x_wconf 84' lang='lat' dir='ltr'>Christo</span> <span class='ocrx_word' id='word_1_149' title='bbox 785 2529 1024 2606; x_wconf 82' lang='lat' dir='ltr'>fraternitatem,</span> <span class='ocrx_word' id='word_1_150' title='bbox 1049 2548 1130 2611; x_wconf 88' lang='lat' dir='ltr'>quae</span> <span class='ocrx_word' id='word_1_151' title='bbox 1154 2548 1228 2593; x_wconf 91' lang='lat' dir='ltr'>cum</span> <span class='ocrx_word' id='word_1_152' title='bbox 1246 2532 1359 2594; x_wconf 85' lang='lat' dir='ltr'>uestra</span> 
     </span>
     <span class='ocr_line' id='line_1_21' title="bbox 209 2634 1402 2719; baseline 0.002 -20"><span class='ocrx_word' id='word_1_153' title='bbox 209 2636 260 2699; x_wconf 89' lang='lat' dir='ltr'>est</span> <span class='ocrx_word' id='word_1_154' title='bbox 292 2634 471 2711; x_wconf 82' lang='lat' dir='ltr'>sanct&#39;tate,</span> <span class='ocrx_word' id='word_1_155' title='bbox 501 2653 558 2699; x_wconf 91' lang='lat' dir='ltr'>uos</span> <span class='ocrx_word' id='word_1_156' title='bbox 588 2654 714 2719; x_wconf 90' lang='lat' dir='ltr'>quoque</span> <span class='ocrx_word' id='word_1_157' title='bbox 742 2638 776 2699; x_wconf 91' lang='lat' dir='ltr'>et</span> <span class='ocrx_word' id='word_1_158' title='bbox 802 2635 856 2717; x_wconf 85' lang='lat' dir='ltr'>qui</span> <span class='ocrx_word' id='word_1_159' title='bbox 885 2636 1052 2701; x_wconf 85' lang='lat' dir='ltr'>nobiscum</span> <span class='ocrx_word' id='word_1_160' title='bbox 1079 2639 1156 2699; x_wconf 89' lang='lat' dir='ltr'>sunt</span> <span class='ocrx_word' id='word_1_161' title='bbox 1181 2634 1359 2718; x_wconf 86' lang='lat' dir='ltr'>plurimum</span> <span class='ocrx_word' id='word_1_162' title='bbox 1375 2663 1402 2701; x_wconf 77' lang='lat' dir='ltr'>uc</span> 
     </span>
     <span class='ocr_line' id='line_1_22' title="bbox 209 2740 1357 2825; baseline -0.001 -18"><span class='ocrx_word' id='word_1_163' title='bbox 209 2741 399 2807; x_wconf 86' lang='lat' dir='ltr'>salutamus.</span> <span class='ocrx_word' id='word_1_164' title='bbox 468 2740 609 2825; x_wconf 84' lang='lat' dir='ltr'>Accepta</span> <span class='ocrx_word' id='word_1_165' title='bbox 641 2742 743 2825; x_wconf 88' lang='lat' dir='ltr'>pridie</span> <span class='ocrx_word' id='word_1_166' title='bbox 775 2741 848 2809; x_wconf 86' lang='lat' dir='ltr'>Kal.</span> <span class='ocrx_word' id='word_1_167' title='bbox 882 2742 1047 2807; x_wconf 84' lang='lat' dir='ltr'>Decembr.</span> <span class='ocrx_word' id='word_1_168' title='bbox 1080 2742 1227 2807; x_wconf 87' lang='lat' dir='ltr'>Rustioio</span> <span class='ocrx_word' id='word_1_169' title='bbox 1260 2760 1293 2806; x_wconf 89' lang='lat' dir='ltr'>u.</span> <span class='ocrx_word' id='word_1_170' title='bbox 1328 2761 1357 2806; x_wconf 87' lang='lat' dir='ltr'>c.</span> 
     </span>
     <span class='ocr_line' id='line_1_23' title="bbox 211 2866 296 2912; baseline 0 -1"><span class='ocrx_word' id='word_1_171' title='bbox 211 2866 296 2912; x_wconf 86' lang='lat' dir='ltr'>cons.</span> 
     </span>
    </p>
   </div>
   <div class='ocr_carea' id='block_1_3' title="bbox 729 3041 837 3127">
    <p class='ocr_par' dir='ltr' id='par_1_6' title="bbox 729 3041 837 3127">
     <span class='ocr_line' id='line_1_24' title="bbox 729 3041 837 3127; baseline -0.019 0"><span class='ocrx_word' id='word_1_172' title='bbox 729 3041 837 3127; x_wconf 75' lang='lat'><strong>(234.)</strong></span> 
     </span>
    </p>
   </div>
   <div class='ocr_carea' id='block_1_4' title="bbox 210 3182 1357 3336">
    <p class='ocr_par' dir='ltr' id='par_1_7' title="bbox 210 3182 1357 3336">
     <span class='ocr_line' id='line_1_25' title="bbox 210 3182 1357 3231; baseline -0.001 -3"><span class='ocrx_word' id='word_1_173' title='bbox 210 3183 369 3229; x_wconf 73' lang='lat' dir='ltr'><strong>EXBHPLL&#39;H</strong></span> <span class='ocrx_word' id='word_1_174' title='bbox 401 3184 586 3229; x_wconf 76' lang='lat' dir='ltr'>nnunulonls</span> <span class='ocrx_word' id='word_1_175' title='bbox 621 3184 734 3229; x_wconf 85' lang='lat' dir='ltr'>SYNODI</span> <span class='ocrx_word' id='word_1_176' title='bbox 769 3183 1168 3231; x_wconf 70' lang='lat' dir='ltr'>cousranunuoPonlunnnn</span> <span class='ocrx_word' id='word_1_177' title='bbox 1198 3184 1240 3228; x_wconf 76' lang='lat' dir='ltr'>DE</span> <span class='ocrx_word' id='word_1_178' title='bbox 1270 3182 1357 3227; x_wconf 78' lang='lat' dir='ltr'>onol-</span> 
     </span>
     <span class='ocr_line' id='line_1_26' title="bbox 527 3291 1032 3336; baseline 0 -1"><span class='ocrx_word' id='word_1_179' title='bbox 527 3292 665 3336; x_wconf 68' lang='lat' dir='ltr'>Nauloxn</span> <span class='ocrx_word' id='word_1_180' title='bbox 690 3291 855 3336; x_wconf 77' lang='lat' dir='ltr'><strong>EPIPHANII</strong></span> <span class='ocrx_word' id='word_1_181' title='bbox 878 3291 1032 3336; x_wconf 80' lang='lat' dir='ltr'>EPISCOPI.</span> 
     </span>
    </p>
   </div>
   <div class='ocr_carea' id='block_1_5' title="bbox 254 3330 1401 3461">
    <p class='ocr_par' dir='ltr' id='par_1_8' title="bbox 254 3330 1401 3461">
     <span class='ocr_line' id='line_1_27' title="bbox 1374 3330 1401 3370; baseline 0 0"><span class='ocrx_word' id='word_1_182' title='bbox 1374 3330 1401 3370; x_wconf 71' lang='lat'>25</span> 
     </span>
     <span class='ocr_line' id='line_1_28' title="bbox 254 3413 1356 3461; baseline -0.003 0"><span class='ocrx_word' id='word_1_183' title='bbox 254 3415 371 3461; x_wconf 73' lang='lat' dir='ltr'>nonno</span> <span class='ocrx_word' id='word_1_184' title='bbox 400 3414 518 3461; x_wconf 69' lang='lat' dir='ltr'>Nosnno</span> <span class='ocrx_word' id='word_1_185' title='bbox 548 3414 669 3461; x_wconf 81' lang='lat' dir='ltr'>SANCTO</span> <span class='ocrx_word' id='word_1_186' title='bbox 698 3417 740 3461; x_wconf 75' lang='lat' dir='ltr'>Ac</span> <span class='ocrx_word' id='word_1_187' title='bbox 770 3416 955 3461; x_wconf 72' lang='lat' dir='ltr'>unaulssrlo</span> <span class='ocrx_word' id='word_1_188' title='bbox 978 3414 1074 3459; x_wconf 69' lang='lat' dir='ltr'>enum</span> <span class='ocrx_word' id='word_1_189' title='bbox 1097 3414 1221 3459; x_wconf 68' lang='lat' dir='ltr'>Panum</span> <span class='ocrx_word' id='word_1_190' title='bbox 1244 3413 1356 3458; x_wconf 74' lang='lat' dir='ltr'>aucm-</span> 
     </span>
    </p>
   </div>
   <div class='ocr_carea' id='block_1_6' title="bbox 209 3518 1357 3674">
    <p class='ocr_par' dir='ltr' id='par_1_9' title="bbox 209 3518 1357 3674">
     <span class='ocr_line' id='line_1_29' title="bbox 209 3518 1356 3567; baseline -0.003 0"><span class='ocrx_word' id='word_1_191' title='bbox 209 3522 360 3567; x_wconf 74' lang='lat' dir='ltr'>nPlscoro</span> <span class='ocrx_word' id='word_1_192' title='bbox 398 3522 438 3566; x_wconf 80' lang='lat' dir='ltr'>En</span> <span class='ocrx_word' id='word_1_193' title='bbox 474 3522 698 3567; x_wconf 70' lang='lat' dir='ltr'>casulanum</span> <span class='ocrx_word' id='word_1_194' title='bbox 736 3521 912 3566; x_wconf 75' lang='lat' dir='ltr'>flonnrsonu</span> <span class='ocrx_word' id='word_1_195' title='bbox 952 3520 1142 3565; x_wconf 71' lang='lat' dir='ltr'>annuemus</span> <span class='ocrx_word' id='word_1_196' title='bbox 1174 3518 1356 3564; x_wconf 75' lang='lat' dir='ltr'>nastulscu&#39;s</span> 
     </span>
     <span class='ocr_line' id='line_1_30' title="bbox 209 3625 1357 3674; baseline -0.003 -1"><span class='ocrx_word' id='word_1_197' title='bbox 209 3630 322 3674; x_wconf 73' lang='lat' dir='ltr'>uenias</span> <span class='ocrx_word' id='word_1_198' title='bbox 356 3628 552 3674; x_wconf 69' lang='lat' dir='ltr'>nunsuaslu&#39;s</span> <span class='ocrx_word' id='word_1_199' title='bbox 585 3626 749 3673; x_wconf 71' lang='lat' dir='ltr'>Parnasus</span> <span class='ocrx_word' id='word_1_200' title='bbox 783 3628 962 3672; x_wconf 73' lang='lat' dir='ltr'>nnnclnuus</span> <span class='ocrx_word' id='word_1_201' title='bbox 996 3628 1035 3672; x_wconf 79' lang='grc' dir='ltr'>ΕΤ</span> <span class='ocrx_word' id='word_1_202' title='bbox 1069 3626 1191 3672; x_wconf 68' lang='lat' dir='ltr'>cuturn</span> <span class='ocrx_word' id='word_1_203' title='bbox 1229 3625 1357 3671; x_wconf 70' lang='lat' dir='ltr'>SANCTA</span> 
     </span>
    </p>
   </div>
   <div class='ocr_carea' id='block_1_7' title="bbox 210 3876 1359 4391">
    <p class='ocr_par' dir='ltr' id='par_1_10' title="bbox 210 3876 1359 4200">
     <span class='ocr_line' id='line_1_31' title="bbox 245 3876 1359 3948; baseline -0.002 -15"><span class='ocrx_word' id='word_1_204' title='bbox 245 3880 367 3933; x_wconf 68' lang='lat' dir='ltr'>initam</span> <span class='ocrx_word' id='word_1_205' title='bbox 392 3879 556 3943; x_wconf 66' lang='lat' dir='ltr'>Vcorreei:</span> <span class='ocrx_word' id='word_1_206' title='bbox 577 3897 591 3932; x_wconf 89' lang='lat' dir='ltr'>e</span> <span class='ocrx_word' id='word_1_207' title='bbox 610 3879 668 3932; x_wconf 84' lang='lat' dir='ltr'>uita</span> <span class='ocrx_word' id='word_1_208' title='bbox 686 3878 756 3931; x_wconf 84' lang='lat' dir='ltr'>Bur.</span> <span class='ocrx_word' id='word_1_209' title='bbox 846 3877 1032 3948; x_wconf 72' lang='lat' dir='ltr'>dpreciperit</span> <span class='ocrx_word' id='word_1_210' title='bbox 1054 3876 1081 3929; x_wconf 90' lang='lat' dir='ltr'><em>V</em></span> <span class='ocrx_word' id='word_1_211' title='bbox 1166 3877 1359 3931; x_wconf 74' lang='lat' dir='ltr'>teristiunis·</span> 
     </span>
     <span class='ocr_line' id='line_1_32' title="bbox 211 3965 1358 4035; baseline -0.002 -14"><span class='ocrx_word' id='word_1_212' title='bbox 211 3969 285 4021; x_wconf 89' lang='lat' dir='ltr'>simis</span> <span class='ocrx_word' id='word_1_213' title='bbox 309 3967 335 4020; x_wconf 89' lang='lat' dir='ltr'><strong><em>V</em></strong></span> <span class='ocrx_word' id='word_1_214' title='bbox 383 3966 539 4021; x_wconf 73' lang='lat' dir='ltr'>dessectis</span> <span class='ocrx_word' id='word_1_215' title='bbox 560 3967 591 4027; x_wconf 83' lang='lat' dir='ltr'>V.</span> <span class='ocrx_word' id='word_1_216' title='bbox 611 3984 712 4021; x_wconf 70' lang='lat' dir='ltr'>corno</span> <span class='ocrx_word' id='word_1_217' title='bbox 763 3968 910 4020; x_wconf 82' lang='lat' dir='ltr'>9suuctac</span> <span class='ocrx_word' id='word_1_218' title='bbox 923 3967 983 4020; x_wconf 81' lang='lat' dir='ltr'>(et)</span> <span class='ocrx_word' id='word_1_219' title='bbox 995 3966 1063 4035; x_wconf 85' lang='lat' dir='ltr'>glor.</span> <span class='ocrx_word' id='word_1_220' title='bbox 1083 3965 1146 4020; x_wconf 78' lang='lat' dir='ltr'>edit.</span> <span class='ocrx_word' id='word_1_221' title='bbox 1165 3981 1219 4033; x_wconf 80' lang='lat' dir='ltr'>rep.</span> <span class='ocrx_word' id='word_1_222' title='bbox 1269 3966 1304 4019; x_wconf 83' lang='lat'>13</span> <span class='ocrx_word' id='word_1_223' title='bbox 1323 3965 1358 4019; x_wconf 85' lang='lat' dir='ltr'>ad</span> 
     </span>
     <span class='ocr_line' id='line_1_33' title="bbox 210 4054 1359 4119; baseline -0.002 -10"><span class='ocrx_word' id='word_1_224' title='bbox 210 4058 435 4110; x_wconf 85' lang='lat' dir='ltr'>ministrationem</span> <span class='ocrx_word' id='word_1_225' title='bbox 457 4056 492 4109; x_wconf 90' lang='lat' dir='ltr'>V:</span> <span class='ocrx_word' id='word_1_226' title='bbox 512 4056 776 4110; x_wconf 85' lang='lat' dir='ltr'>administrationem</span> <span class='ocrx_word' id='word_1_227' title='bbox 792 4055 866 4119; x_wconf 64' lang='lat' dir='ltr'>Can,</span> <span class='ocrx_word' id='word_1_228' title='bbox 880 4055 914 4109; x_wconf 88' lang='lat' dir='ltr'>ad</span> <span class='ocrx_word' id='word_1_229' title='bbox 928 4054 1078 4109; x_wconf 87' lang='lat' dir='ltr'>administr.</span> <span class='ocrx_word' id='word_1_230' title='bbox 1092 4055 1163 4108; x_wconf 82' lang='lat' dir='ltr'>Bur.</span> <span class='ocrx_word' id='word_1_231' title='bbox 1202 4054 1236 4107; x_wconf 89' lang='grc'>16</span> <span class='ocrx_word' id='word_1_232' title='bbox 1250 4054 1359 4108; x_wconf 79' lang='lat' dir='ltr'>nelaoia</span> 
     </span>
     <span class='ocr_line' id='line_1_34' title="bbox 211 4145 867 4200; baseline -0.002 -2"><span class='ocrx_word' id='word_1_233' title='bbox 211 4147 297 4199; x_wconf 85' lang='lat' dir='ltr'>serica</span> <span class='ocrx_word' id='word_1_234' title='bbox 319 4145 345 4200; x_wconf 93' lang='lat' dir='ltr'><em>V</em></span> <span class='ocrx_word' id='word_1_235' title='bbox 397 4147 429 4199; x_wconf 85' lang='grc'>17</span> <span class='ocrx_word' id='word_1_236' title='bbox 449 4145 646 4199; x_wconf 85' lang='lat' dir='ltr'>beatitudiuem</span> <span class='ocrx_word' id='word_1_237' title='bbox 664 4146 782 4199; x_wconf 76' lang='lat' dir='ltr'>imeruc&#39;t</span> <span class='ocrx_word' id='word_1_238' title='bbox 803 4146 867 4198; x_wconf 85' lang='lat' dir='ltr'>Gur.</span> 
     </span>
    </p>

    <p class='ocr_par' dir='ltr' id='par_1_11' title="bbox 215 4230 1355 4391">
     <span class='ocr_line' id='line_1_35' title="bbox 247 4230 1355 4302; baseline -0.005 -13"><span class='ocrx_word' id='word_1_239' title='bbox 247 4234 315 4289; x_wconf 67' lang='lat'>284.</span> <span class='ocrx_word' id='word_1_240' title='bbox 369 4234 438 4287; x_wconf 80' lang='lat' dir='ltr'>Dat.</span> <span class='ocrx_word' id='word_1_241' title='bbox 458 4239 483 4288; x_wconf 84' lang='lat' dir='ltr'>et</span> <span class='ocrx_word' id='word_1_242' title='bbox 502 4239 613 4302; x_wconf 83' lang='lat' dir='ltr'>acceptu</span> <span class='ocrx_word' id='word_1_243' title='bbox 631 4240 662 4288; x_wconf 84' lang='lat' dir='ltr'>ut</span> <span class='ocrx_word' id='word_1_244' title='bbox 680 4250 720 4302; x_wconf 85' lang='lat' dir='ltr'>ep.</span> <span class='ocrx_word' id='word_1_245' title='bbox 740 4237 809 4287; x_wconf 83' lang='lat'><strong><em>233.</em></strong></span> <span class='ocrx_word' id='word_1_246' title='bbox 862 4232 937 4288; x_wconf 83' lang='lat' dir='ltr'>Edd.</span> <span class='ocrx_word' id='word_1_247' title='bbox 959 4231 1024 4286; x_wconf 85' lang='lat' dir='ltr'>Cor.</span> <span class='ocrx_word' id='word_1_248' title='bbox 1044 4231 1075 4285; x_wconf 83' lang='grc' dir='ltr'><strong><em>Ρ</em></strong></span> <span class='ocrx_word' id='word_1_249' title='bbox 1096 4234 1163 4298; x_wconf 81' lang='grc'><strong><em>531,·</em></strong></span> <span class='ocrx_word' id='word_1_250' title='bbox 1180 4232 1251 4285; x_wconf 80' lang='lat' dir='ltr'>Bur.</span> <span class='ocrx_word' id='word_1_251' title='bbox 1272 4230 1312 4286; x_wconf 82' lang='lat' dir='ltr'>ad</span> <span class='ocrx_word' id='word_1_252' title='bbox 1328 4248 1355 4284; x_wconf 83' lang='lat' dir='ltr'>u.</span> 
     </span>
     <span class='ocr_line' id='line_1_36' title="bbox 215 4320 1241 4391; baseline -0.003 -15"><span class='ocrx_word' id='word_1_253' title='bbox 215 4326 282 4391; x_wconf 78' lang='lat'><strong><em>520,</em></strong></span> <span class='ocrx_word' id='word_1_254' title='bbox 304 4326 355 4390; x_wconf 69' lang='lat'>42;</span> <span class='ocrx_word' id='word_1_255' title='bbox 377 4322 485 4377; x_wconf 84' lang='lat' dir='ltr'>Collect.</span> <span class='ocrx_word' id='word_1_256' title='bbox 508 4322 627 4389; x_wconf 77' lang='lat' dir='ltr'>Concil.,·</span> <span class='ocrx_word' id='word_1_257' title='bbox 649 4323 727 4377; x_wconf 81' lang='lat' dir='ltr'>Ttiel</span> <span class='ocrx_word' id='word_1_258' title='bbox 747 4326 815 4376; x_wconf 86' lang='lat'><em>950.</em></span> <span class='ocrx_word' id='word_1_259' title='bbox 870 4324 903 4375; x_wconf 82' lang='lat'>27</span> <span class='ocrx_word' id='word_1_260' title='bbox 924 4320 1062 4375; x_wconf 87' lang='lat' dir='ltr'>theotilius</span> <span class='ocrx_word' id='word_1_261' title='bbox 1085 4320 1117 4385; x_wconf 86' lang='lat' dir='ltr'>V,</span> <span class='ocrx_word' id='word_1_262' title='bbox 1136 4336 1206 4375; x_wconf 83' lang='lat' dir='ltr'>corr.</span> <span class='ocrx_word' id='word_1_263' title='bbox 1226 4338 1241 4390; x_wconf 87' lang='grc' dir='ltr'>ρ</span> 
     </span>
    </p>
   </div>
   <div class='ocr_carea' id='block_1_8' title="bbox 0 0 1522 4975">
    <p class='ocr_par' dir='ltr' id='par_1_12' title="bbox 0 0 1522 4975">
     <span class='ocr_line' id='line_1_37' title="bbox 0 0 1522 4975; baseline 0 0"><span class='ocrx_word' id='word_1_264' title='bbox 0 0 1522 4975; x_wconf 95' lang='lat' dir='ltr'> </span> 
     </span>
    </p>
   </div>
  </div>
 </body>
</html>
