3025 4975
243 472 306 536 768
407 467 576 538 Epiphanius
596 463 810 520 Constantieusis
830 463 863 518 dc
881 463 933 518 xli
952 463 1065 534 gemnris
1083 463 1225 517 rationalis

239 664 359 729 nullam
396 662 505 727 intulit
540 661 745 740 mentionem,
783 659 982 743 impossibile
1023 659 1087 724 fuit
1128 679 1198 724 eam
1239 663 1384 742 coaptare

239 770 410 854 lapidibus,
434 769 659 834 hebetantem
683 753 745 833 itai
770 767 882 832 Ruberr
906 767 1002 832 ludas
1021 767 1100 831 Leui
1119 767 1295 845 Beniamin,
1315 767 1385 831 dein

238 877 355 961 Ioseph
389 875 529 941 Zabulon
563 878 595 939 et
627 874 765 949 isachar,
803 873 917 938 deinde
956 872 1035 951 Gad,
1075 874 1129 956 qui
1167 877 1217 939 est
1253 874 1385 939 ancillae

240 983 396 1050 secundae
424 982 521 1060 lilius,
550 985 752 1065 praepostere
780 980 917 1062 positus,
947 980 1018 1044 dein
1047 981 1115 1045 Dan
1149 985 1182 1045 et
1212 979 1385 1063 Neptalim,

239 1089 310 1154 dein
338 1090 419 1154 Aser
447 1089 589 1154 omnium
613 1088 821 1166 nouissimus,
836 1088 901 1170 ‘qui
925 1090 957 1151 et
978 1087 1048 1170 ipse
1072 1086 1229 1152 secundae
1253 1087 1385 1150 ancillae
1413 1105 1425 1144 s

238 1196 325 1261 filius
366 1196 538 1261 inuenitur.
581 1194 632 1258 hic
675 1195 771 1272 etiam
813 1194 888 1276 qnia
924 1213 1075 1258 numerus
1111 1193 1301 1258 imminutus
1339 1197 1388 1257 est

241 1302 387 1369 Simeone
410 1302 644 1386 praetermisso,
668 1301 716 1365 fas
735 1320 798 1365 non
818 1305 885 1365 erat
904 1300 1092 1364 diuisionem
1111 1298 1207 1365 istam
1225 1299 1387 1382 lapidibus

240 1411 404 1475 rationalis
428 1428 521 1491 posse
546 1427 729 1492 congruere.

188 1515 230 1580 87
285 1517 408 1581 Rursus
442 1519 474 1581 et
505 1516 585 1580 hanc
617 1515 907 1598 praetermittentes
940 1515 973 1580 in
1009 1513 1211 1579 undecimam
1248 1512 1389 1578 sollicita

240 1643 370 1708 prorsus
397 1623 572 1688 intentione
599 1622 803 1705 peruenimns
833 1626 865 1686 et
896 1623 1106 1704 repperimus,
1138 1622 1195 1687 ubi
1226 1623 1389 1707 praecepit
1408 1641 1432 1680 ιο

239 1731 380 1814 Moyses,
403 1734 441 1796 ut
469 1731 635 1796 duodecim
662 1730 766 1795 tribus
791 1733 877 1795 stent
900 1730 940 1794 ad
962 1731 1212 1795 benedicendum
1237 1733 1269 1794 et
1290 1731 1389 1794 male-

241 1837 420 1916 dicendum,
445 1855 498 1901 ser
521 1838 553 1901 in
578 1841 684 1902 monte
710 1836 836 1903 Garizin
860 1840 893 1902 et
915 1856 969 1902 ser
992 1837 1024 1900 in
1042 1841 1150 1902 monte
1170 1835 1282 1913 Gebal,
1302 1836 1392 1900 sicut

242 1945 275 2009 in
303 1944 549 2010 Deuteronomio
577 1945 729 2027 probatur
757 1943 964 2026 adscriptum,
998 1963 1131 2027 quarum
1164 1943 1280 2008 diuisio
1312 1942 1391 2008 talis

245 2055 311 2117 est:
355 2052 540 2128 stabunt,
583 2051 697 2133 inquit,
739 2051 779 2115 in
816 2053 950 2116 monte
990 2050 1154 2116 Garizin
1193 2050 1239 2114 ad
1273 2051 1392 2114 bene-

245 2158 459 2222 dicendum
493 2155 650 2222 Simeon
684 2157 783 2221 Leni
815 2158 939 2222 Iudas
972 2157 1140 2222 lsaclrar
1172 2157 1321 2239 loseph
1351 2162 1435 2221 etc

245 2264 473 2342 Beniamin,
517 2267 555 2328 et
595 2264 634 2327 hi
677 2264 848 2328 stabunt
889 2263 935 2328 ad
981 2263 1301 2328 maledicendum
1352 2265 1392 2327 in

245 2373 379 2436 monte
420 2369 563 2435 Gebal:
600 2369 735 2434 Ruben
771 2369 853 2434 Gad
884 2369 992 2435 Aser·
1019 2369 1200 2433 Zabulon
1233 2369 1316 2432 Dan
1353 2375 1393 2433 et

239 2477 457 2560 Neptalim.
492 2477 630 2560 exceptis
664 2476 781 2559 quippe
813 2476 923 2541 Ruben
957 2479 990 2541 et
1020 2476 1184 2560 Neptalim
1215 2476 1393 2541 liberarum

240 2584 299 2648 filii
322 2584 494 2667 probantur
512 2583 564 2647 hic
584 2602 654 2647 esse
674 2583 816 2666 praelati,
837 2602 974 2665 cunique
994 2588 1026 2647 et
1042 2584 1107 2647 ista
1125 2581 1240 2649 diuisic
1259 2582 1395 2647 uidetur

240 2691 470 2771 inconsequens
499 2689 539 2753 ad
567 2690 757 2771 quadratum
786 2690 950 2755 rationalis
980 2691 1132 2765 ordinem,
1161 2710 1223 2754 non
1252 2708 1289 2754 ea
1315 2691 1394 2755 uisa
1411 2710 1437 2749 ro

188 2798 230 2863 88
243 2799 293 2862 est
315 2794 519 2861 adsumenda.
545 2800 764 2860 cerumtamen
787 2796 868 2859 hanc
892 2796 1022 2861 eandem
1045 2796 1246 2861 undecimam
1276 2796 1394 2862 diuisi-

241 2922 335 2968 onem
358 2902 494 2967 sollicite
518 2904 713 2980 contuentes,
738 2902 822 2985 quod
844 2901 875 2965 in
901 2903 980 2967 duas
1004 2906 1109 2986 partes
1132 2903 1296 2967 uideretur
1316 2922 1394 2968 esse

241 3009 387 3086 discreta,
418 3028 471 3072 sex
499 3009 530 3072 in
558 3029 621 3073 uno
650 3012 756 3073 monte
786 3012 818 3072 et
846 3028 900 3073 sex
927 3010 959 3073 in
989 3010 1098 3087 altero,
1128 3010 1208 3075 lianc
1242 3009 1395 3075 arbitrati

241 3134 353 3179 sumus
386 3132 559 3199 congruere
592 3116 730 3179 numeris
765 3115 1007 3198 compositionis
1039 3115 1182 3198 lapidum
1215 3115 1394 3201 smaragdi,

241 3222 296 3303 qui
328 3222 483 3285 catenulis
516 3221 733 3299 nectebantur,
768 3222 903 3287 ordinati
935 3242 991 3306 per
1022 3226 1194 3305 utrumque
1225 3222 1394 3305 pontificis
1414 3242 1440 3280 ²⁵

240 3328 416 3406 humerum,
447 3348 522 3392 auro
552 3332 584 3392 ct
612 3328 819 3411 hyacinthina
844 3330 928 3394 uitta
956 3329 1104 3406 conserti,
1133 3329 1179 3394 ita
1206 3332 1244 3393 ut
1269 3329 1302 3393 in
1339 3330 1395 3394 lris

241 3434 365 3499 duobus
395 3434 571 3519 smaragdis
599 3434 848 3499 inscriberentur
874 3436 1003 3501 nomina
1034 3436 1172 3501 filiorum
1204 3436 1317 3514 Israel,
1355 3455 1395 3501 eo

241 3542 326 3624 quod
349 3560 432 3605 unus
458 3541 644 3626 smaragdus
670 3540 708 3605 ob
732 3542 962 3607 rotunditatem
986 3543 1037 3607 sui
1061 3543 1230 3608 duodecim
1258 3543 1397 3608 nomina

240 3667 349 3731 capere
383 3666 442 3712 non
476 3652 596 3731 posset.
631 3649 798 3730 oportebat
830 3651 947 3727 autem,
982 3652 1014 3712 et
1047 3649 1075 3713 si
1107 3668 1218 3733 capere
1250 3652 1396 3733 poterat,

241 3754 366 3819 dextros
406 3754 616 3836 sinistrosque
654 3754 819 3839 distingui,
858 3760 890 3820 et
924 3756 996 3820 ideo
1034 3756 1065 3819 in
1101 3760 1238 3839 utroque
1271 3757 1397 3840 lapide,
1416 3781 1444 3819 aa

241 3862 346 3945 posito
375 3861 406 3925 in
436 3861 560 3925 dextera
588 3862 713 3926 scilicet
737 3865 770 3926 et
793 3861 933 3940 sinistra,
959 3862 1138 3946 conscripta
1162 3867 1236 3927 suut
1258 3864 1399 3929 nomina

331 4070 363 4123 14
382 4070 530 4123 Deuteron.
549 4070 593 4135 27,
615 4072 647 4125 12
667 4088 707 4141 sq.

278 4193 394 4247 lullam
417 4193 449 4259 V,
468 4210 536 4247 corr.
556 4194 640 4265 Fopp.
697 4196 727 4249 ll
748 4195 847 4249 moises
871 4194 897 4247 V
946 4195 979 4248 18
999 4196 1116 4265 exceptis
1132 4236 1138 4248 .
1154 4196 1308 4265 .neptalim
1330 4213 1399 4251 cum

240 4302 258 4335 α
276 4299 326 4338 om.
345 4282 433 4351 Fopp.
489 4284 521 4337 21
542 4284 769 4338 ueruntamenV
830 4285 865 4337 22
884 4284 956 4353 quod
977 4284 1012 4338 V:
1031 4300 1099 4354 quae
1117 4284 1205 4355 Fopy.
1278 4284 1400 4340 uidetur

239 4369 326 4440 Fopp.
363 4372 397 4424 25
415 4371 595 4426 nectabantur
619 4372 643 4424 V
694 4373 727 4426 26
746 4372 912 4426 hiacinctina
934 4372 961 4427 V
