3025 4975
216 417 280 481 570
420 413 653 468 Archimandritae
672 416 724 467 eto.
743 412 835 482 Syriae
854 412 988 467 secundae
1005 412 1166 467 Hormisdae

215 614 253 675 ut
277 629 382 692 supra.
429 610 567 674 Thomas
591 609 743 674 diaeonus
767 613 805 672 ut
828 627 933 691 supra.
979 609 1136 673 Iohannes
1155 608 1307 673 diaeonm
1326 610 1366 671 ut

165 722 323 799 rosupra.
374 718 528 782 Lemneos
552 717 717 801 presbyter
740 720 906 799 utsupra.
961 716 1097 781 Danihel
1120 714 1366 779 archimandrita

216 824 254 887 ut
278 841 381 905 supra.
440 822 576 905 Symeon
600 819 847 886 archimandrita
869 825 907 885 nt
929 839 1036 904 supra.
1085 820 1255 885 Abramius
1278 838 1364 902 pres-

216 928 309 1011 byter·
322 932 359 993 nt
373 949 477 1012 supra.
516 928 621 993 Dauid
635 928 801 1011 presbyter
812 932 851 993 ut
865 948 970 1011 supra.
1003 927 1185 993 Dorotheus
1198 926 1366 1011 presbyter

217 1038 254 1099 ut
277 1054 382 1117 supra.
433 1036 612 1101 Antoninus
635 1036 802 1118 presbyter
823 1039 862 1099 ut
884 1054 989 1117 supra.
1040 1035 1178 1099 Thomas
1200 1032 1366 1117 presbyter
1396 1058 1412 1097 s

216 1144 254 1205 ut
273 1160 377 1224 supra.
414 1142 588 1207 Barsumas
606 1142 771 1225 presbyter
789 1145 828 1205 ut
846 1160 952 1223 supra.
996 1141 1127 1225 Sergius
1144 1140 1311 1224 presbyter
1327 1141 1366 1203 ut

217 1267 320 1330 supra.
376 1248 536 1313 Eusebius
565 1248 730 1333 presbyter·
756 1252 795 1313 nt
822 1268 927 1331 supra.
982 1248 1173 1331 Symeonius
1200 1246 1367 1330 presbyter

215 1356 253 1417 ut
272 1373 376 1435 snpra.
419 1355 591 1419 Marcellus
610 1354 777 1439 presbyter
794 1358 832 1419 ut
849 1374 956 1438 supra.
997 1354 1127 1419 Priscus
1145 1354 1312 1437 presbyter
1328 1356 1367 1417 ut

216 1480 322 1543 supra.
369 1462 475 1527 Maras
494 1462 660 1544 presbyter
678 1466 716 1525 ut
735 1481 841 1544 supra.
884 1461 1015 1545 Sergius
1029 1461 1195 1545 presbyter
1206 1463 1244 1525 ιιι
1258 1478 1364 1541 snpra.

214 1568 350 1633 Iacobus
365 1568 530 1651 presbyter
545 1570 582 1633 ut
597 1587 702 1651 supra.
741 1568 879 1634 Thomas
897 1569 1063 1651 presbyter
1079 1572 1118 1632 ut
1136 1586 1241 1650 supra.
1281 1567 1366 1631 Item
1384 1593 1411 1633 ra
1506 1553 1507 1568 ¹

215 1674 354 1739 Thomas
387 1675 552 1757 presbyter
584 1677 622 1739 nt
654 1694 759 1757 supra.
821 1675 960 1740 Thomas
991 1674 1157 1759 presbyter
1187 1678 1226 1739 ut
1257 1691 1363 1756 supra.

166 1790 203 1853 17
216 1778 366 1846 Saulinus
385 1781 549 1865 presbyter
567 1784 604 1845 nt
624 1800 727 1865 supra.
776 1781 913 1846 Thomas
927 1781 1093 1865 presbyter
1111 1783 1149 1845 ut
1167 1799 1272 1861 supra.
1314 1780 1364 1843 Io·

214 1889 334 1953 hannes
362 1890 526 1972 presbyter
553 1891 591 1953 ut
619 1908 724 1972 supra.
780 1889 973 1954 Uarasaldas
1000 1889 1167 1972 presbyter
1192 1890 1230 1952 ut
1257 1905 1363 1969 supra.

213 1996 369 2060 Iohannes
403 1996 555 2061 diaeonus
590 1998 628 2060 ut
660 2014 766 2078 supra.
821 1995 995 2060 Marcellus
1024 1995 1174 2059 diaeonus
1196 1996 1235 2056 ut
1257 2011 1364 2075 supra.

216 2102 405 2185 symeonius
425 2103 590 2186 presbyter
608 2105 646 2166 ut
665 2121 770 2184 supra.
818 2100 1000 2166 Gennadius
1018 2102 1184 2184 presbyter
1201 2102 1240 2165 ut
1258 2118 1364 2182 supra.
1384 2124 1412 2164 a

215 2209 354 2273 Thomas
385 2207 549 2291 presbyter·
571 2210 610 2273 ut
632 2228 737 2290 supra.
785 2208 974 2292 Symeonius
1002 2209 1167 2291 presbyter
1193 2210 1231 2271 ut
1257 2225 1363 2289 supra.

215 2314 407 2379 Habrarnius
426 2314 592 2397 presbyter
610 2318 648 2379 ut
666 2334 772 2397 supra.
814 2314 1002 2397 Symeonias
1020 2315 1186 2398 presbyter
1203 2318 1240 2377 nt
1258 2332 1364 2395 supra.

215 2421 351 2485 Iacobus
382 2420 547 2504 presbyter
574 2424 611 2485 ιιι
639 2440 744 2503 supra.
805 2422 961 2485 Iohannes
993 2421 1158 2504 presbyter
1188 2422 1226 2483 at
1257 2438 1363 2502 supra

164 2539 205 2602 18
218 2527 360 2592 Isidorus
386 2528 632 2592 archimandrita
650 2532 687 2593 ut
706 2547 811 2611 supra.
858 2529 1001 2593 Iulianas
1020 2529 1185 2612 presbyter
1201 2531 1239 2592 ut
1258 2545 1364 2610 supra.

214 2633 372 2699 Iohannes
397 2638 429 2699 et
446 2635 609 2700 Romanus
628 2636 793 2718 presbyter
812 2639 844 2699 at
862 2635 1000 2700 Thomas
1019 2635 1185 2718 presbyter
1201 2636 1238 2698 ut
1257 2651 1363 2714 supra.
1383 2659 1412 2700 aa

214 2739 394 2806 Antoninus
425 2742 575 2808 diaeonus
600 2746 632 2807 et
653 2743 814 2807 Habraam
841 2743 1007 2826 presbyter
1033 2745 1070 2806 ut
1098 2760 1202 2824 snpra.
1256 2740 1364 2804 Maras

216 2845 367 2914 diaeonus
397 2851 429 2912 et
451 2848 609 2912 Habraam
638 2849 804 2932 presbyter
831 2853 870 2912 nt
897 2867 1001 2930 supra.
1058 2848 1216 2913 Zenobius
1239 2849 1272 2912 et
1295 2845 1365 2911 Ste-

213 2953 337 3035 phanus
365 2954 541 3038 presbyteri
570 2959 607 3019 ut
635 2975 740 3038 supra.
802 2954 991 3038 Symeonius
1016 2959 1048 3020 et
1069 2953 1253 3020 Demetrius
1275 2972 1363 3036 pres-

213 3060 316 3144 byteri
349 3064 386 3125 ut
419 3081 523 3143 supra.
585 3062 724 3127 Thomas
754 3065 787 3126 et
814 3062 959 3128 Domnus
986 3061 1164 3145 presbyteri
1191 3066 1362 3142 utsupra.

214 3165 403 3248 Symeonius
425 3171 456 3231 et
475 3168 585 3232 Heliae
605 3169 782 3251 presbyteri
801 3172 838 3232 ut
857 3188 962 3250 supra.
1010 3168 1202 3233 Habramius
1222 3170 1255 3232 et
1271 3167 1363 3232 Pela·
1380 3195 1411 3232 es

215 3273 286 3356 gius
310 3273 486 3356 presbyteri
510 3277 547 3337 ut
570 3293 675 3356 supra.
727 3275 888 3340 Romanus
913 3279 945 3340 et
966 3276 1103 3340 Abraam
1126 3275 1302 3358 presbyteri
1325 3279 1364 3338 nt

215 3397 318 3462 supra.
380 3379 569 3464 Symeonius
597 3381 762 3463 presbyter
788 3385 821 3446 et
850 3381 980 3447 Carufas
1012 3381 1163 3446 diaeonus
1190 3384 1228 3445 nt
1255 3400 1362 3464 supra.

215 3483 404 3566 Symeonius
434 3489 466 3550 et
493 3486 649 3550 lohannes
677 3486 852 3569 presbyteri
885 3495 923 3550 ut
950 3506 1054 3568 supra.
1111 3485 1302 3569 Symeonius
1330 3491 1365 3552 et

213 3590 356 3655 Iulianus
376 3592 552 3674 presbyteri
571 3595 608 3656 ut
628 3611 733 3677 snpra.
780 3593 999 3677 Eutyohianus
1019 3597 1052 3657 et
1063 3593 1219 3658 Iohannes
1239 3593 1363 3659 dianam

212 3700 250 3762 ut
282 3717 386 3780 snpra.
447 3698 585 3764 Thomas
623 3703 656 3763 et
691 3700 769 3764 item
803 3701 939 3766 Thomas
975 3700 1153 3783 presbyteri
1184 3703 1223 3763 ut
1255 3719 1410 3783 supraso

247 3890 265 3942 4
285 3887 429 3942 dorotheus
452 3888 486 3952 V,
504 3903 572 3944 sorr.
593 3909 606 3940 o
662 3891 677 3944 6
698 3889 837 3943 darsumas
861 3890 892 3953 V,
912 3892 1018 3945 conexi
1035 3890 1207 3945 monentibus
1225 3890 1364 3959 Syriacae

213 3977 323 4044 ltnyuae
337 3978 436 4045 peratis
491 3979 505 4030 7
527 3979 644 4032 anselius
665 3983 706 4042 (at
724 3979 836 4032 uidetur
853 3995 886 4033 ex
905 3979 1032 4033 eusebius
1051 3983 1132 4044 corr.)
1157 3979 1189 4040 V,
1209 3995 1278 4033 corr.
1295 3979 1362 4034 Car.

214 4067 246 4118 12
257 4065 365 4118 Solinus
381 4065 412 4129 V,
423 4066 528 4120 correxi
567 4068 598 4120 19
610 4067 745 4121 hisidorus
756 4067 935 4121 archimandri
945 4068 972 4121 V
1005 4068 1039 4122 20
1043 4069 1112 4136 fort.
1122 4067 1256 4121 Iohannes
1269 4072 1362 4136 <pres-

210 4154 303 4222 byter·
325 4152 392 4220 (Ioh.
415 4159 442 4208 et
460 4153 537 4208 Rom.
558 4161 585 4208 et
604 4155 721 4209 Thomas
740 4156 891 4226 presbyteri
913 4155 988 4226 Cor.)
1042 4157 1078 4210 22
1092 4157 1217 4210 Zenolius
1236 4155 1268 4220 V,
1288 4171 1361 4211 sorr.

214 4243 278 4298 Car-r.
334 4243 368 4297 23
387 4244 534 4313 presbyteri
554 4245 598 4298 ba'o
617 4251 641 4299 et
659 4247 690 4297 ιιι
709 4245 747 4298 eis
765 4263 836 4313 quoe
851 4252 1004 4314 sequuntur
1021 4261 1124 4314 semper
1137 4245 1295 4313 wmpeada'o
1308 4240 1363 4314 pbr

210 4331 321 4399 arrepsit
344 4331 370 4384 V
421 4334 456 4386 24
475 4332 608 4402 dompnus
632 4333 657 4386 V
710 4335 743 4386 27
764 4335 916 4403 symeonius
941 4334 968 4387 V
