3025 4975
215 431 280 494 664
453 426 600 481 Hormisda
616 426 784 497 Epiphanio;
804 426 949 481 Honuieda
966 426 1116 480 Iustiniana

257 768 414 813 normann
444 768 616 813 sumunmo
648 767 799 813 urrscoro
834 765 1219 813 eonsnrnmuoronrrnuo.
1293 746 1357 811 Diu

214 874 272 920 nos
299 857 446 920 nuntiata
472 858 546 920 tuae
573 856 745 938 primordia
773 854 938 939 dignitatis
967 858 1095 920 tenuere
1124 872 1298 937 suspensos
1326 857 1359 918 et

212 962 245 1025 iu
281 963 353 1045 ipsa
389 963 566 1028 communis
603 962 815 1047 gratulatione
856 961 997 1026 laetitiae
1037 960 1144 1025 mirati
1186 960 1358 1025 admodum

213 1089 324 1135 sumus
361 1089 481 1134 morem
518 1070 689 1151 pristinum
726 1068 828 1133 fuisse
863 1069 1057 1152 neglectum,
1100 1067 1175 1149 quia
1215 1071 1358 1150 reparata
1388 1088 1400 1128 a

214 1176 420 1241 ecclesiarum
449 1176 508 1241 deo
537 1178 694 1240 anunente
723 1174 888 1240 concordia
920 1174 1051 1258 plenum
1082 1174 1236 1239 fraternae
1269 1174 1357 1257 pacis

212 1282 378 1367 flagitabat
422 1282 572 1359 officinm,
618 1282 805 1365 praesertim
847 1280 932 1364 quod
973 1281 1034 1345 sibi
1076 1300 1137 1347 uon
1180 1281 1359 1365 arrogantia

212 1390 389 1471 personalis
427 1388 484 1454 sed
518 1389 700 1473 regidarum
739 1388 941 1454 obseruantia
978 1387 1169 1453 uindicabat.
1209 1386 1358 1453 decuerat

214 1495 381 1577 siqnidem,
405 1497 500 1561 frater
526 1496 705 1576 karissime,
733 1499 765 1560 te
793 1496 916 1579 legatos
945 1494 985 1559 ad
1012 1494 1219 1576 apostolicam
1249 1494 1358 1559 sedem

212 1601 293 1666 iuter
319 1602 389 1684 ipsa
416 1603 465 1667 tui
491 1602 696 1686 pontificatus
723 1602 815 1667 initia
843 1602 1031 1678 destinante,
1059 1604 1097 1665 ut
1124 1603 1156 1665 et
1180 1619 1274 1682 quem
1297 1601 1401 1665 tibin>

213 1707 384 1773 debeamus
403 1710 552 1774 allectum
570 1710 650 1774 bene
670 1727 877 1793 cognosceres
898 1712 930 1773 et
948 1711 1096 1772 uetustae
1115 1706 1356 1773 consuetudinis

168 1820 188 1881 2
211 1815 345 1880 formam
367 1816 427 1879 rite
452 1817 636 1898 compleres.
662 1816 719 1881 sed
741 1816 818 1881 licct
835 1816 885 1881 his
905 1814 1033 1880 omissis
1052 1814 1213 1898 paginalia
1230 1816 1356 1879 tautum

212 1920 357 1986 sufficere
384 1922 560 1989 indicasses
590 1943 626 1988 ex
654 1922 820 1988 occasione
848 1923 1017 2005 colloquia,
1041 1940 1099 1987 nos
1123 1926 1229 1986 tamen
1255 1920 1356 2005 gnatia

212 2027 397 2094 stimulante
426 2030 584 2112 compulsi
611 2030 739 2093 interim
765 2030 869 2095 iustae
894 2030 1104 2095 constantiam
1129 2027 1355 2111 expectationis

212 2134 396 2217 abrupimus
419 2136 581 2217 reciproca
602 2141 732 2201 mutuae
756 2137 898 2201 caritatis
917 2136 1015 2201 uerba
1032 2135 1212 2211 reddentes,
1233 2135 1307 2218 quia
1326 2138 1359 2199 et
1376 2156 1401 2197 aa

211 2246 319 2305 noster
333 2242 457 2307 animus
472 2242 589 2307 amoris
608 2243 778 2324 impatiens
798 2246 831 2308 et
848 2242 1027 2327 legatorum
1045 2246 1226 2308 nostrorum
1244 2242 1358 2307 uotiua

212 2347 323 2413 relatio
353 2349 527 2426 exclusum,
557 2348 640 2431 quod
666 2350 844 2433 imperabat
871 2368 977 2429 causa,
1003 2350 1166 2415 silentium
1190 2348 1229 2413 ad
1253 2346 1358 2413 officia

212 2453 349 2538 benigna
380 2457 552 2535 traxerunt,
586 2457 703 2540 quibus
735 2456 776 2522 ad
806 2476 956 2540 praeseus
990 2456 1100 2544 gaudii
1131 2456 1231 2523 nostri
1266 2456 1358 2541 sigua

211 2565 427 2626 monstramus
453 2565 485 2627 et
507 2564 650 2646 priuatae
674 2565 908 2648 quodammodo
930 2565 1089 2631 amicitiae
1107 2565 1220 2630 uotiua
1237 2564 1357 2648 persol-

166 2667 329 2731 3uimns.
362 2668 552 2751 legationem
585 2674 690 2734 autem
722 2674 811 2735 tuam
846 2675 878 2734 et
910 2689 956 2746 ea,
991 2690 1054 2754 qua
1086 2670 1217 2749 dudum,
1255 2670 1398 2754 gratiano
1503 2715 1504 2735 r

212 2773 410 2838 sustinemus
429 2778 461 2839 et
479 2776 553 2840 fulti
572 2778 735 2842 ueteribus
755 2777 940 2844 constitutis
961 2778 1127 2862 exigimus,
1148 2781 1184 2842 ut
1203 2782 1356 2860 qnantum

212 2881 321 2964 gandii
347 2881 485 2946 fructum
516 2882 568 2946 uel
596 2883 634 2947 de
661 2885 710 2948 tui
737 2885 946 2966 pontificatus
973 2886 1091 2950 honoro
1115 2885 1279 2967 capiamus
1303 2886 1357 2949 uel

212 3007 289 3068 quas
322 2988 382 3051 tibi
413 2989 530 3072 gratias
562 2990 669 3054 referri
703 2992 872 3056 conueniat
899 3011 954 3075 pro
983 2992 1136 3074 impensis
1164 2992 1196 3055 in
1225 2991 1354 3074 negotio

209 3093 430 3177 propagandae
466 3095 599 3160 unitatis
637 3095 762 3163 officiis.
800 3098 885 3162 sicut
921 3101 1101 3163 nostrorum
1133 3097 1355 3180 multipliciter

210 3199 367 3264 adstruxit
389 3201 566 3284 legatorum
592 3203 737 3280 narratio,
763 3203 943 3268 euidentius
968 3205 1189 3288 exprimamus.
1370 3225 1396 3266 as

245 3388 310 3444 205.
365 3389 446 3443 Data
466 3408 492 3444 a.
515 3393 573 3444 520
586 3397 653 3459 post
671 3391 742 3444 diem
760 3396 796 3446 17
814 3392 887 3462 Sept.
959 3393 1033 3448 Edd.
1056 3393 1120 3449 Gar.
1140 3394 1171 3448 1²
1192 3397 1267 3462 540;
1284 3395 1351 3450 Bar.

209 3479 249 3532 ad
267 3497 293 3534 a.
315 3483 382 3544 520,
403 3483 435 3548 9,·
456 3480 565 3534 Collect.
586 3481 844 3548 noncia513rar
862 3487 935 3549 4435
956 3483 1035 3538 Tbicl
1055 3487 1116 3538 913.
1171 3485 1187 3539 3
1207 3501 1257 3538 nos
1270 3494 1351 3550 (uon)

210 3567 272 3623 Car.
328 3566 573 3637 7<id›llagitabat
590 3569 660 3623 Bar.
717 3571 748 3625 ll
770 3573 940 3640 cognosceris
964 3572 994 3638 V,
1014 3587 1116 3630 corto
1174 3573 1207 3626 14
1226 3573 1298 3626 iuste
1321 3572 1351 3636 V,

208 3671 278 3708 corr.
299 3657 379 3710 Tba'el
465 3658 498 3711 15
517 3658 699 3728 abrumpimus
719 3677 737 3710 α
824 3662 856 3712 17
877 3662 982 3716 excluso
999 3705 1004 3715 .
1021 3705 1026 3714 .
1042 3661 1150 3716 silentio
1165 3661 1242 3718 Ball.
1267 3663 1352 3716 Yaur.

209 3744 241 3796 21
262 3747 291 3796 et
308 3743 372 3798 fulti
390 3744 429 3798 0²:
449 3747 538 3800 adulti
561 3747 586 3799 V
638 3749 671 3802 23
690 3749 719 3802 in
737 3751 851 3818 negocio
872 3767 900 3804 a:
920 3751 1042 3820 inegotio
1067 3751 1093 3804 V
