3025 4975
485 434 573 505 Epist.
593 434 707 491 cxxur
724 436 741 491 e
761 467 795 478 -
814 436 911 491 rrxxr
930 439 954 493 1.
1228 444 1292 508 537

149 631 262 695 rhoata
295 631 381 707 sunt,
413 648 608 712 paraeneses,
642 630 715 712 quia
747 632 866 712 (qui)
897 632 1137 714 perstiterit
1168 654 1295 717 usque

148 738 183 801 in
203 738 341 811 finem,
356 736 421 801 hic
441 736 583 801 saluus
603 738 692 802 erit.
717 738 899 821 frequenter
912 739 1059 823 alloquiis
1073 742 1140 805 tuis
1154 746 1295 806 nostram

149 841 398 907 sollicitudiuem
422 843 562 907 releuore
587 862 648 908 non
668 843 810 921 desinas;
835 846 1028 929 paroeciales
1048 865 1174 929 qnoque
1194 867 1296 913 sacer·
1338 836 1343 845 ¹

149 949 237 1014 dotes
257 952 332 1014 tuos
353 951 546 1033 competenti
565 950 782 1017 adhortatione
801 952 960 1031 confirma,
980 954 1055 1036 quia
1071 954 1135 1019 ista
1152 955 1296 1021 faciendo

120 1056 304 1120 ntalentum
328 1056 389 1120 tibi
412 1056 569 1121 creditum
591 1057 710 1139 poteris
735 1059 949 1141 multiplicare
973 1060 1115 1126 cottidie.
1175 1061 1214 1126 de
1241 1062 1297 1127 illa
1320 1066 1342 1129 4

149 1182 274 1245 quoque
308 1166 408 1245 parte,
442 1182 504 1245 que
537 1162 664 1229 dileetio
697 1168 753 1229 tua
785 1166 939 1248 postulat,
973 1167 1161 1252 cogitamus,
1192 1171 1231 1232 ut
1257 1168 1298 1232 ad

149 1269 372 1352 imperatorem
402 1269 686 1335 clementissimum
714 1291 771 1354 pro
799 1273 1017 1356 generalitatis
1051 1274 1156 1356 quiete
1188 1293 1297 1357 preces

149 1380 275 1440 nessae
299 1376 493 1459 perueniant.
527 1379 619 1441 tuum
644 1381 703 1455 est,
726 1382 764 1443 ut
786 1380 899 1443 uotum
924 1380 1130 1463 studiumque
1153 1385 1298 1446 nostrum

151 1482 301 1566 congruis
330 1482 526 1547 orationibus
554 1482 665 1549 iuuare
693 1504 753 1550 nou
783 1504 901 1558 cesses,
929 1486 1005 1568 quia
1028 1504 1084 1551 nos
1108 1486 1139 1550 in
1163 1486 1215 1550 his
1239 1486 1298 1551 deo

113 1608 135 1647 s
151 1594 278 1655 auctore
298 1590 498 1673 perficiendis
519 1610 631 1656 uacare
650 1590 781 1655 minime
800 1591 986 1674 poterimus.
1031 1591 1115 1657 Data
1132 1592 1171 1657 V.
1190 1591 1300 1657 Nonas

151 1696 281 1761 Martias
307 1698 445 1781 Agapito
470 1716 555 1763 cons.

670 1891 778 1975 (ras.)

152 2034 311 2079 EXEIPLUH
349 2033 472 2079 SACRAE
505 2033 679 2079 Anasansn
711 2034 848 2079 AUGUSTI
879 2035 1055 2080 nements:
1087 2036 1203 2081 PAPAE.
1240 2035 1300 2080 Pan

153 2139 312 2183 Eunomus
343 2138 383 2183 ET
416 2139 623 2184 residuarum
654 2138 824 2185 Episcopus
861 2140 1044 2185 amularius
1078 2141 1301 2186 PRESBYTERU!

116 2250 137 2288 15
359 2245 493 2289 Uliam
516 2246 678 2291 DIAcouuu
701 2246 740 2291 ΒΤ
765 2246 901 2291 ultast!
923 2247 1092 2295 NOTARIUK.

197 2349 326 2415 Gratias
361 2350 569 2433 omnipotenti
602 2350 660 2415 deo
694 2350 870 2428 referimus,
900 2352 985 2434 quod
1014 2352 1166 2417 sanctitas
1194 2355 1302 2417 uestra

155 2456 331 2541 disciplinis
352 2457 545 2523 caelestibus
564 2458 721 2537 instituta,
742 2458 830 2524 sicut
847 2458 1065 2542 poposcimus,
1085 2460 1209 2543 legatos
1228 2458 1303 2524 fidei

154 2563 331 2629 Ennodium
347 2567 379 2628 et
393 2563 603 2629 Fortunatam
622 2565 820 2629 uenerabiles
840 2565 1006 2649 episcopos
1026 2566 1082 2630 sed
1101 2566 1195 2631 etiam
1215 2567 1302 2631 uiros

154 2671 319 2754 religiosos
340 2669 531 2736 Uenautium
555 2671 776 2755 presbyterum
810 2673 950 2737 Uitalem
974 2673 1140 2737 diaconum
1165 2676 1197 2737 et
1215 2673 1303 2738 Hila-

115 2801 139 2840 ιο
155 2797 221 2841 rum
246 2777 417 2854 notarium,
442 2778 551 2860 quales
575 2779 727 2861 poscebat
755 2798 869 2843 causae
898 2779 1090 2857 sublimitas,
1119 2779 1302 2855 destinauit,

156 2885 207 2966 qni
239 2883 364 2967 negotii
395 2884 646 2967 magnitudinem
669 2885 802 2967 implere
835 2887 960 2968 possint
991 2885 1199 2951 ecclesiastici
1231 2886 1303 2949 luce

156 2990 309 3056 sermonis
343 2991 460 3073 quique
494 2995 641 3073 operante
675 2991 732 3055 deo
767 2992 873 3056 omnia
905 2992 1068 3057 subtiliter
1094 2993 1304 3074 requirentes,

157 3117 233 3180 quae
264 3095 303 3160 ad
331 3099 449 3160 rectam
479 3098 512 3160 et
538 3115 646 3160 ueram
671 3096 923 3161 Christianorum
952 3097 1243 3180 pertinentium,
1273 3101 1305 3161 et

157 3204 214 3286 ipsi
243 3204 331 3268 sicut
359 3201 467 3267 decuit
496 3202 695 3267 declararunt
718 3206 750 3268 et
774 3223 792 3267 a
814 3203 906 3268 nobis
936 3205 1021 3269 sicut
1044 3205 1186 3289 oportuit
1208 3222 1304 3288 agno-

243 3422 257 3475 l
279 3421 377 3475 naoth.
399 3421 440 3484 10,
461 3421 495 3474 22

192 3547 204 3599 1
226 3545 274 3614 qui
292 3545 442 3598 inseruire
532 3544 685 3614 persistent
709 3542 740 3608 V,
760 3560 864 3599 corae
927 3543 1124 3598 cataractone
1148 3545 1181 3607 V,
1200 3561 1268 3600 corr.
1289 3563 1303 3597 o

158 3635 271 3703 dquam
294 3633 357 3688 Gur.
414 3637 460 3686 tuo
484 3632 516 3696 V,
537 3647 640 3687 corno
677 3633 790 3686 lituum
808 3633 921 3701 scopu:
939 3636 1046 3687 tantum
1069 3633 1096 3687 V
1129 3635 1303 3700 9inrareV‚

159 3739 224 3777 corr.
249 3723 275 3776 V
291 3739 365 3778 marr.
384 3737 435 3776 rec.
456 3727 513 3776 eto
570 3721 602 3776 10
622 3723 788 3791 potuerimus
810 3721 875 3778 Car.

193 3811 260 3867 125.
332 3811 402 3866 Dat.
425 3813 510 3866 hieme
535 3813 605 3866 anni
632 3815 693 3877 515,
712 3828 765 3879 per
787 3810 950 3864 Ennodr'um
973 3815 1020 3864 etc.
1093 3809 1168 3864 Edd.
1191 3809 1254 3863 Cur.
1274 3808 1306 3861 1²

162 3905 230 3968 443;
248 3901 318 3955 Βαν.
340 3900 379 3954 ad
397 3917 423 3954 a.
446 3903 507 3963 516,
529 3905 561 3967 8,·
583 3899 690 3954 Oollcct
714 3900 834 3964 Concil.,·
855 3899 935 3952 Toiel
954 3903 1015 3952 761.
1098 3897 1156 3952 Suo
1173 3898 1255 3952 initio
1274 3899 1306 3951 in

158 4006 241 4060 mars.
267 3990 416 4057 adscripsit
439 3989 466 4043 V
484 3989 551 4042 fides
576 3989 706 4042 anastasii
730 3989 901 4058 imperatorie
926 3991 953 4040 et
973 3986 1037 4056 quid
1056 3985 1090 4040 de
1109 3985 1211 4055 spmodo
1231 3986 1305 4040 chal-

162 4078 300 4132 cedonensi
320 4079 436 4132 senserit
491 4080 523 4132 13
543 4094 639 4132 sonsm
658 4076 684 4129 V
735 4093 783 4146 per
801 4075 954 4130 Ennodiunr
969 4117 975 4129 .
993 4119 998 4129 .
1014 4075 1149 4129 notarium
1173 4074 1198 4127 V
1214 4075 1304 4128 ricinu-

162 4168 226 4221 tr'urc
244 4167 402 4221 clroracoerc
418 4167 461 4220 ita
479 4165 598 4233 sempsit,
616 4170 648 4220 ut
670 4166 817 4220 uerborum
841 4165 938 4233 aliqua
952 4180 1024 4233 para
1041 4166 1073 4217 iu
1090 4164 1241 4232 maryincm
1258 4179 1305 4216 ex·

161 4261 252 4308 narrat
292 4256 323 4308 15
343 4255 449 4308 illarum
473 4254 499 4307 V
539 4255 570 4308 17
589 4255 681 4323 legat-o
706 4253 736 4316 V,
756 4270 859 4308 corno
904 4254 935 4306 19
955 4252 1137 4322 hyllesumV
1171 4252 1206 4306 20
1226 4251 1304 4320 quale

168 4341 197 4406 V,
215 4360 284 4398 corr.
302 4341 331 4394 ο2
385 4344 417 4397 21
438 4347 549 4413 possent
567 4342 637 4397 Bur.
711 4342 889 4396 ecclesiastici
913 4341 950 4395 V:
969 4341 1120 4410 euangelici
1138 4338 1165 4390 0²
