3025 4975
446 391 532 462 Epist.
553 389 728 445 CLXXXIIII
749 392 762 445 l
783 422 816 431 -
837 389 981 445 CLXXXV
1001 392 1027 449 3.
1247 394 1310 459 641

166 588 195 652 in
232 606 307 651 eum
344 586 497 652 babentes
532 588 566 651 et
601 585 687 650 sicut
723 586 879 668 scripturn
922 588 989 651 est:
1032 582 1311 671 diligentibus

166 694 279 759 deum
312 694 444 758 omnia
475 696 755 775 cooperantur
787 692 824 755 in
857 692 1014 758 bonum.
1043 712 1078 757 ea
1108 691 1201 770 enim,
1231 711 1312 774 quae

166 801 255 865 uobis
288 802 445 882 placeant,
478 800 564 865 sicut
596 800 718 864 dictum
752 802 811 877 est,
846 800 962 863 sentire
996 818 1121 881 quoque
1154 801 1187 863 et
1218 818 1311 883 agere

165 908 303 984 nitimur,
337 905 550 971 sanctissime.
576 924 701 970 omnem
731 904 764 969 ia
799 905 925 971 Christo
959 905 1198 985 fraternitatem,
1231 905 1359 987 quaed

137 1034 237 1079 icum
268 1017 380 1079 uestra
411 1016 461 1077 ast
493 1013 673 1090 sanctitate,
712 1032 771 1095 ego
810 1030 934 1095 quoque
972 1016 1005 1076 et
1040 1014 1103 1077 mei
1139 1012 1311 1094 plurimum

165 1123 351 1187 salutamus.
848 1140 851 1145 ·

683 1311 792 1396 (ras.)

166 1457 333 1503 suoossrlo
365 1456 503 1500 GERXAXI
529 1456 674 1501 EPISCOPI
707 1456 827 1501 FELICIS
860 1457 899 1501 ET
932 1454 1078 1500 bloscoal
1110 1456 1312 1502 blaconoat'rr

533 1563 573 1607 ET
596 1562 715 1607 BLANDI
736 1562 940 1607 PRESBYTERI.

131 1693 151 1733 a
205 1666 392 1733 Reuerendo
428 1668 529 1733 uestri
567 1669 767 1750 apostolatus
806 1667 946 1749 alloquia
981 1686 1037 1749 per
1069 1666 1152 1733 lilios
1185 1670 1311 1733 uestros

165 1776 298 1839 Leonem
332 1777 428 1855 atque
459 1773 633 1857 Eulogium
666 1774 868 1837 desiderabili
901 1774 1060 1839 hilaritate
1099 1774 1309 1857 suscepimus.

166 1900 297 1965 quorum
320 1881 410 1963 prius
432 1884 647 1963 praeceptum,
673 1900 730 1945 cur
748 1899 827 1963 quae
847 1880 1089 1945 Thessalonicae
1110 1881 1313 1963 contigerunt

165 2008 221 2052 oon
249 1988 497 2062 insinuauimus‚
526 1987 689 2070 arguebat.
719 1988 776 2051 sed
803 1988 897 2070 longe
931 1989 1002 2051 ante
1036 1986 1104 2051 eius
1138 1986 1310 2051 aduentum

165 2095 328 2159 occasione
357 2098 541 2176 comparata
567 2094 751 2158 curauimus
786 2093 973 2176 significare,
1007 2112 1225 2175 qrraeoumque
1256 2094 1310 2157 uel

128 2226 148 2263 a
163 2220 286 2265 rumore
330 2200 525 2265 uenientium
566 2199 618 2263 uel
661 2219 779 2277 eorum,
827 2200 881 2282 qui
927 2202 1136 2283 pertulerunt,
1184 2200 1309 2283 scriptis

164 2308 310 2393 (quorum
337 2307 528 2390 exemplaria
550 2306 661 2371 subter
683 2306 899 2389 adiunximus)
922 2308 974 2371 uel
997 2306 1136 2388 piissimi
1158 2306 1309 2389 principis

163 2414 339 2479 narratione
368 2414 590 2496 comperimus.
621 2415 731 2477 secuta
759 2416 809 2477 est
835 2411 995 2477 uindictae
1024 2412 1203 2496 promissio,
1232 2413 1309 2477 adeo
1335 2413 1354 2473 2

162 2525 197 2586 ut
214 2521 399 2586 Dorotheus
419 2519 709 2586 Thessalonicensis
729 2519 899 2604 episcopus
919 2519 958 2584 ad
976 2519 1155 2584 Heracliam
1176 2518 1308 2584 deduce·

161 2633 246 2693 retur
273 2626 452 2705 ciuitatem,
480 2625 579 2691 donec
610 2646 706 2691 causa
733 2626 903 2690 terminum
932 2626 1091 2708 reperiret.
1120 2626 1201 2690 inter
1232 2625 1309 2688 haec
1333 2626 1354 2688 3

124 2734 337 2799 sesecundum
375 2752 421 2808 ea,
465 2751 545 2815 quae
585 2733 803 2816 praecepistis
847 2733 1070 2797 auctoritatem
1112 2731 1308 2814 apostolatus

160 2945 335 3011 doctrinam
369 2945 544 3010 catholicae
576 2945 725 3027 puritatis
756 2946 890 3010 Romam
928 2945 1089 3028 praefatus
1127 2945 1307 3008 Dorotheus

160 3073 220 3116 una
244 3073 318 3118 cum
342 3052 484 3117 Aristide
508 3051 696 3116 mitteretur.
722 3051 777 3134 qui
800 3052 964 3134 respondit
987 3071 1115 3118 causam
1140 3071 1201 3116 non
1227 3069 1307 3128 esse,

160 3179 212 3241 pro
242 3178 306 3242 qua
333 3159 467 3223 Romam
497 3157 709 3240 dirigerentur
731 3157 890 3233 audiendi,
915 3158 970 3222 ubi
994 3159 1062 3222 sine
1086 3160 1306 3222 accusatorum

123 3289 145 3326 a
162 3265 375 3330 controuersia
403 3284 473 3329 sese
496 3268 627 3346 possent
648 3265 780 3330 liberius
806 3284 964 3330 excusare.
990 3266 1046 3330 sed
1069 3269 1207 3348 repente,
1232 3263 1307 3327 dum

161 3371 235 3437 haec
265 3375 428 3456 geruntur,
459 3372 498 3436 ab
525 3371 733 3447 Heracliensi‚
764 3376 915 3454 quantum
946 3372 1147 3455 agnouimus,
1180 3371 1211 3433 in
1246 3388 1309 3451 qua

249 3633 262 3686 l
283 3631 360 3685 Rom.
381 3631 405 3694 8,
426 3631 460 3684 28

197 3775 208 3826 1
230 3757 369 3843 arritum
390 3792 407 3825 α
460 3772 633 3826 initiaretur
652 3793 677 3833 α,
697 3789 765 3828 corr.
786 3793 799 3824 0

195 3863 264 3918 185.
300 3863 370 3916 Dat.
389 3867 421 3914 ut
439 3877 479 3929 ep.
498 3865 565 3929 181;
580 3863 725 3930 respondet
744 3861 878 3930 epistulae
897 3861 1053 3929 deperditae
1072 3861 1157 3914 datae
1175 3860 1210 3912 ab
1230 3861 1305 3914 Hor-

160 3952 248 4004 miado
266 3951 317 4005 aab
335 3952 417 4018 finem
437 3967 463 4003 a.
486 3953 546 4003 519.
620 3950 695 4004 Edd.
724 3951 788 4004 Car.
813 3949 843 4002 1²
864 3953 935 4016 530;
959 3951 1028 4004 Bur.
1049 3950 1087 4002 ad
1110 3967 1135 4004 a.
1159 3951 1221 4010 519,
1241 3953 1306 4012 141;

165 4039 268 4092 Collect.
293 4038 412 4105 Concide
433 4038 512 4092 abiet
532 4042 594 4095 910.
632 4039 820 4108 8Suggestiol
841 4039 939 4106 incipit
957 4054 1053 4092 rursus
1072 4042 1149 4090 uetus
1166 4037 1305 4103 scripturo

162 4128 260 4182 codicis
282 4128 307 4180 V
377 4113 443 4182 orac
462 4128 489 4184 V
541 4129 570 4181 ll
591 4129 737 4198 hylaritate
757 4127 786 4180 V
839 4129 871 4182 12
890 4127 1056 4196 thesalonica
1081 4126 1106 4178 V
1160 4128 1192 4180 le
1212 4126 1303 4178 thesa-

162 4215 353 4271 louiccusisV
415 4219 448 4271 19
466 4216 616 4288 repperiret
638 4217 665 4270 V
725 4219 759 4270 2⁶2
778 4233 916 4270 romanam
944 4216 969 4280 Γ,
989 4232 1057 4270 corr.
1079 4216 1105 4286 ρ2
1159 4215 1194 4270 23
1214 4213 1303 4266 aristi·

163 4304 342 4360 dimitteretor
366 4305 397 4369 V,
418 4322 521 4362 corno
576 4306 611 4359 24
631 4305 811 4374 diligerentur
835 4305 864 4367 V,
886 4322 953 4360 corr.
974 4303 1014 4374 p²:
1034 4305 1222 4374 delegarentur
1242 4299 1268 4352 0²

1200 4409 1249 4462 41*
