<?xml version="1.0" encoding="UTF-8"?>
<!DOCTYPE html PUBLIC "-//W3C//DTD XHTML 1.0 Transitional//EN"
    "http://www.w3.org/TR/xhtml1/DTD/xhtml1-transitional.dtd">
<html xmlns="http://www.w3.org/1999/xhtml" xml:lang="en" lang="en">
 <head>
  <title>
</title>
<meta http-equiv="Content-Type" content="text/html;charset=utf-8" />
  <meta name='ocr-system' content='tesseract 3.04.00' />
  <meta name='ocr-capabilities' content='ocr_page ocr_carea ocr_par ocr_line ocrx_word'/>
</head>
<body>
  <div class='ocr_page' id='page_1' title='image "./corpusscriptoru02wiengoog_0093.png"; bbox 0 0 3025 4975; ppageno 0'>
   <div class='ocr_carea' id='block_1_1' title="bbox 589 486 1320 557">
    <p class='ocr_par' dir='ltr' id='par_1_1' title="bbox 589 486 1320 557">
     <span class='ocr_line' id='line_1_1' title="bbox 589 486 1320 557; baseline 0.001 -17"><span class='ocrx_word' id='word_1_1' title='bbox 589 487 674 557; x_wconf 78' lang='lat' dir='ltr'><strong>Epist.</strong></span> <span class='ocrx_word' id='word_1_2' title='bbox 695 486 816 541; x_wconf 82' lang='lat' dir='ltr'>cxxxx</span> <span class='ocrx_word' id='word_1_3' title='bbox 836 487 913 541; x_wconf 87' lang='lat'>1-3.</span> <span class='ocrx_word' id='word_1_4' title='bbox 1254 489 1320 555; x_wconf 85' lang='lat'>573</span> 
     </span>
    </p>
   </div>
   <div class='ocr_carea' id='block_1_2' title="bbox 690 680 799 764">
    <p class='ocr_par' dir='ltr' id='par_1_2' title="bbox 690 680 799 764">
     <span class='ocr_line' id='line_1_2' title="bbox 690 680 799 764; baseline 0.009 -1"><span class='ocrx_word' id='word_1_5' title='bbox 690 680 799 764; x_wconf 79' lang='lat'><strong>(140.)</strong></span> 
     </span>
    </p>
   </div>
   <div class='ocr_carea' id='block_1_3' title="bbox 134 800 1366 2475">
    <p class='ocr_par' dir='ltr' id='par_1_3' title="bbox 147 800 1321 1199">
     <span class='ocr_line' id='line_1_3' title="bbox 171 800 1321 887; baseline 0.001 -22"><span class='ocrx_word' id='word_1_6' title='bbox 171 801 338 887; x_wconf 83' lang='grc' dir='ltr'>Ὀρμίσδας</span> <span class='ocrx_word' id='word_1_7' title='bbox 374 800 537 873; x_wconf 74' lang='grc' dir='ltr'>ἐπίσκοπος</span> <span class='ocrx_word' id='word_1_8' title='bbox 573 805 784 886; x_wconf 72' lang='grc' dir='ltr'>πρεσβυτέροις</span> <span class='ocrx_word' id='word_1_9' title='bbox 814 802 964 873; x_wconf 84' lang='grc' dir='ltr'>διακόνοις</span> <span class='ocrx_word' id='word_1_10' title='bbox 993 804 1045 864; x_wconf 91' lang='grc' dir='ltr'>καί</span> <span class='ocrx_word' id='word_1_11' title='bbox 1074 801 1321 887; x_wconf 82' lang='grc' dir='ltr'>ἀρχιμανδρίταις</span> 
     </span>
     <span class='ocr_line' id='line_1_4' title="bbox 171 901 1321 991; baseline 0.001 -21"><span class='ocrx_word' id='word_1_12' title='bbox 171 920 229 979; x_wconf 81' lang='grc' dir='ltr'>τοῖς</span> <span class='ocrx_word' id='word_1_13' title='bbox 252 905 282 970; x_wconf 94' lang='grc' dir='ltr'>ἐν</span> <span class='ocrx_word' id='word_1_14' title='bbox 307 907 430 990; x_wconf 76' lang='grc' dir='ltr'>δευτέρη</span> <span class='ocrx_word' id='word_1_15' title='bbox 445 903 537 990; x_wconf 80' lang='grc' dir='ltr'>Συρία</span> <span class='ocrx_word' id='word_1_16' title='bbox 553 901 619 969; x_wconf 90' lang='grc' dir='ltr'>οὑσι</span> <span class='ocrx_word' id='word_1_17' title='bbox 632 908 682 970; x_wconf 85' lang='grc' dir='ltr'>καί</span> <span class='ocrx_word' id='word_1_18' title='bbox 697 906 813 977; x_wconf 74' lang='grc' dir='ltr'>λοιποῖς</span> <span class='ocrx_word' id='word_1_19' title='bbox 829 904 1005 990; x_wconf 75' lang='grc' dir='ltr'>δρθοδόξοις</span> <span class='ocrx_word' id='word_1_20' title='bbox 1021 904 1052 968; x_wconf 93' lang='grc' dir='ltr'>ἐν</span> <span class='ocrx_word' id='word_1_21' title='bbox 1068 904 1233 991; x_wconf 83' lang='grc' dir='ltr'>οίιρδήποτε</span> <span class='ocrx_word' id='word_1_22' title='bbox 1249 907 1321 971; x_wconf 74' lang='grc' dir='ltr'>ανα-</span> 
     </span>
     <span class='ocr_line' id='line_1_5' title="bbox 172 1008 1321 1097; baseline 0.002 -23"><span class='ocrx_word' id='word_1_23' title='bbox 172 1012 276 1095; x_wconf 79' lang='grc' dir='ltr'>τολικῲ</span> <span class='ocrx_word' id='word_1_24' title='bbox 308 1012 428 1096; x_wconf 74' lang='grc' dir='ltr'>κλίματι</span> <span class='ocrx_word' id='word_1_25' title='bbox 458 1008 592 1091; x_wconf 74' lang='grc' dir='ltr'>διάγουσι</span> <span class='ocrx_word' id='word_1_26' title='bbox 619 1014 671 1075; x_wconf 84' lang='grc' dir='ltr'>καί</span> <span class='ocrx_word' id='word_1_27' title='bbox 707 1008 736 1073; x_wconf 87' lang='grc' dir='ltr'>ἐν</span> <span class='ocrx_word' id='word_1_28' title='bbox 766 1023 803 1096; x_wconf 80' lang='grc' dir='ltr'>τη</span> <span class='ocrx_word' id='word_1_29' title='bbox 835 1020 888 1095; x_wconf 82' lang='grc' dir='ltr'>της</span> <span class='ocrx_word' id='word_1_30' title='bbox 925 1008 1129 1097; x_wconf 83' lang='grc' dir='ltr'>ἀποστολικής</span> <span class='ocrx_word' id='word_1_31' title='bbox 1164 1012 1321 1097; x_wconf 72' lang='grc' dir='ltr'>καθέδρας</span> 
     </span>
     <span class='ocr_line' id='line_1_6' title="bbox 147 1116 928 1199; baseline -0.003 -20"><span class='ocrx_word' id='word_1_32' title='bbox 147 1154 157 1191; x_wconf 75' lang='lat'>⁵</span> <span class='ocrx_word' id='word_1_33' title='bbox 569 1118 708 1198; x_wconf 76' lang='grc' dir='ltr'>κοινωνίη</span> <span class='ocrx_word' id='word_1_34' title='bbox 730 1116 928 1199; x_wconf 67' lang='grc' dir='ltr'>διαμένουσιν.</span> 
     </span>
    </p>

    <p class='ocr_par' dir='ltr' id='par_1_4' title="bbox 171 1232 1322 1637">
     <span class='ocr_line' id='line_1_7' title="bbox 214 1232 1318 1325; baseline 0 -24"><span class='ocrx_word' id='word_1_35' title='bbox 214 1237 486 1317; x_wconf 83' lang='grc' dir='ltr'>Ἀναγνωσθὲντων</span> <span class='ocrx_word' id='word_1_36' title='bbox 508 1248 565 1301; x_wconf 84' lang='grc' dir='ltr'>τῶν</span> <span class='ocrx_word' id='word_1_37' title='bbox 588 1234 771 1323; x_wconf 76' lang='grc' dir='ltr'>γραμμάτων</span> <span class='ocrx_word' id='word_1_38' title='bbox 793 1246 848 1321; x_wconf 86' lang='grc' dir='ltr'>ιής</span> <span class='ocrx_word' id='word_1_39' title='bbox 872 1232 1014 1321; x_wconf 75' lang='grc' dir='ltr'>ὑμετέρας</span> <span class='ocrx_word' id='word_1_40' title='bbox 1037 1234 1165 1325; x_wconf 84' lang='grc' dir='ltr'>ἀγάπης,</span> <span class='ocrx_word' id='word_1_41' title='bbox 1181 1236 1219 1301; x_wconf 79' lang='grc' dir='ltr'>δι’</span> <span class='ocrx_word' id='word_1_42' title='bbox 1242 1234 1318 1324; x_wconf 85' lang='grc' dir='ltr'>ὧνή</span> 
     </span>
     <span class='ocr_line' id='line_1_8' title="bbox 171 1338 1319 1429; baseline -0.001 -24"><span class='ocrx_word' id='word_1_43' title='bbox 171 1353 226 1405; x_wconf 85' lang='grc' dir='ltr'>τῶν</span> <span class='ocrx_word' id='word_1_44' title='bbox 258 1341 381 1428; x_wconf 78' lang='grc' dir='ltr'>ἐχθρῶν</span> <span class='ocrx_word' id='word_1_45' title='bbox 411 1352 463 1406; x_wconf 92' lang='grc' dir='ltr'>τοῦ</span> <span class='ocrx_word' id='word_1_46' title='bbox 492 1345 568 1407; x_wconf 89' lang='grc' dir='ltr'>θεοῦ</span> <span class='ocrx_word' id='word_1_47' title='bbox 598 1339 752 1428; x_wconf 82' lang='grc' dir='ltr'>ἀφροσύνη</span> <span class='ocrx_word' id='word_1_48' title='bbox 784 1338 963 1428; x_wconf 70' lang='grc' dir='ltr'>ἐφανερώθη</span> <span class='ocrx_word' id='word_1_49' title='bbox 992 1344 1124 1405; x_wconf 82' lang='grc' dir='ltr'>καὶτῶν</span> <span class='ocrx_word' id='word_1_50' title='bbox 1147 1338 1319 1429; x_wconf 80' lang='grc' dir='ltr'>ἀπίστωνή</span> 
     </span>
     <span class='ocr_line' id='line_1_9' title="bbox 172 1444 1322 1532; baseline 0 -22"><span class='ocrx_word' id='word_1_51' title='bbox 172 1446 312 1531; x_wconf 75' lang='grc' dir='ltr'>ἐπίμονος</span> <span class='ocrx_word' id='word_1_52' title='bbox 335 1450 426 1531; x_wconf 81' lang='grc' dir='ltr'>μανία</span> <span class='ocrx_word' id='word_1_53' title='bbox 455 1446 598 1532; x_wconf 83' lang='grc' dir='ltr'>λυπηρῶς</span> <span class='ocrx_word' id='word_1_54' title='bbox 627 1446 706 1530; x_wconf 91' lang='grc' dir='ltr'>δήλη</span> <span class='ocrx_word' id='word_1_55' title='bbox 739 1450 866 1529; x_wconf 75' lang='grc' dir='ltr'>γέγονεν,</span> <span class='ocrx_word' id='word_1_56' title='bbox 890 1444 994 1518; x_wconf 88' lang='grc' dir='ltr'>οίτινες</span> <span class='ocrx_word' id='word_1_57' title='bbox 1023 1444 1122 1531; x_wconf 85' lang='grc' dir='ltr'>ἐπειδή</span> <span class='ocrx_word' id='word_1_58' title='bbox 1153 1456 1194 1530; x_wconf 84' lang='grc' dir='ltr'>τίμ</span> <span class='ocrx_word' id='word_1_59' title='bbox 1216 1456 1322 1519; x_wconf 90' lang='grc' dir='ltr'>κακῶς</span> 
     </span>
     <span class='ocr_line' id='line_1_10' title="bbox 173 1548 1322 1637; baseline -0.001 -23"><span class='ocrx_word' id='word_1_60' title='bbox 173 1554 254 1623; x_wconf 74' lang='grc' dir='ltr'>ζῶντι</span> <span class='ocrx_word' id='word_1_61' title='bbox 276 1553 420 1635; x_wconf 90' lang='grc' dir='ltr'>πνεύματι</span> <span class='ocrx_word' id='word_1_62' title='bbox 443 1548 589 1636; x_wconf 83' lang='grc' dir='ltr'>ἐμίσησαν</span> <span class='ocrx_word' id='word_1_63' title='bbox 612 1552 661 1613; x_wconf 85' lang='grc' dir='ltr'>τόν</span> <span class='ocrx_word' id='word_1_64' title='bbox 683 1551 795 1636; x_wconf 89' lang='grc' dir='ltr'>κύριον,</span> <span class='ocrx_word' id='word_1_65' title='bbox 812 1553 850 1613; x_wconf 81' lang='grc' dir='ltr'>τά</span> <span class='ocrx_word' id='word_1_66' title='bbox 873 1550 949 1637; x_wconf 65' lang='grc' dir='ltr'>μέλη</span> <span class='ocrx_word' id='word_1_67' title='bbox 974 1548 1087 1614; x_wconf 84' lang='grc' dir='ltr'>ἐκείνου</span> <span class='ocrx_word' id='word_1_68' title='bbox 1109 1548 1230 1635; x_wconf 81' lang='grc' dir='ltr'>ἀσεβῶς</span> <span class='ocrx_word' id='word_1_69' title='bbox 1252 1552 1322 1614; x_wconf 86' lang='grc' dir='ltr'>διῶ-</span> 
     </span>
    </p>

    <p class='ocr_par' dir='ltr' id='par_1_5' title="bbox 134 1651 1366 2161">
     <span class='ocr_line' id='line_1_11' title="bbox 134 1651 1322 1741; baseline -0.001 -22"><span class='ocrx_word' id='word_1_70' title='bbox 134 1690 156 1727; x_wconf 78' lang='lat'>10</span> <span class='ocrx_word' id='word_1_71' title='bbox 170 1676 282 1737; x_wconf 90' lang='grc' dir='ltr'>κουσιν,</span> <span class='ocrx_word' id='word_1_72' title='bbox 307 1654 379 1719; x_wconf 87' lang='grc' dir='ltr'>ύσον</span> <span class='ocrx_word' id='word_1_73' title='bbox 402 1652 461 1719; x_wconf 79' lang='grc' dir='ltr'>ἀπὸ</span> <span class='ocrx_word' id='word_1_74' title='bbox 484 1664 538 1741; x_wconf 80' lang='grc' dir='ltr'>τῆς</span> <span class='ocrx_word' id='word_1_75' title='bbox 563 1651 708 1740; x_wconf 76' lang='grc' dir='ltr'>ὑμετέρας</span> <span class='ocrx_word' id='word_1_76' title='bbox 732 1658 925 1741; x_wconf 75' lang='grc' dir='ltr'>βεβαιότητος</span> <span class='ocrx_word' id='word_1_77' title='bbox 948 1653 1009 1719; x_wconf 86' lang='grc' dir='ltr'>ἐστι</span> <span class='ocrx_word' id='word_1_78' title='bbox 1029 1665 1147 1735; x_wconf 89' lang='grc' dir='ltr'>γνῶναι,</span> <span class='ocrx_word' id='word_1_79' title='bbox 1162 1655 1322 1741; x_wconf 90' lang='grc' dir='ltr'>ηύλόγησα</span> 
     </span>
     <span class='ocr_line' id='line_1_12' title="bbox 171 1757 1321 1845; baseline -0.002 -22"><span class='ocrx_word' id='word_1_80' title='bbox 171 1764 219 1824; x_wconf 84' lang='grc' dir='ltr'>τόν</span> <span class='ocrx_word' id='word_1_81' title='bbox 250 1763 354 1845; x_wconf 88' lang='grc' dir='ltr'>κύριον</span> <span class='ocrx_word' id='word_1_82' title='bbox 384 1764 434 1824; x_wconf 86' lang='grc' dir='ltr'>τὺν</span> <span class='ocrx_word' id='word_1_83' title='bbox 467 1760 520 1845; x_wconf 87' lang='grc' dir='ltr'>ιήν</span> <span class='ocrx_word' id='word_1_84' title='bbox 549 1764 642 1823; x_wconf 91' lang='grc' dir='ltr'>πίστιν</span> <span class='ocrx_word' id='word_1_85' title='bbox 672 1770 730 1823; x_wconf 92' lang='grc' dir='ltr'>τῶν</span> <span class='ocrx_word' id='word_1_86' title='bbox 762 1757 868 1824; x_wconf 83' lang='grc' dir='ltr'>ἑαυτοῦ</span> <span class='ocrx_word' id='word_1_87' title='bbox 900 1769 1082 1842; x_wconf 74' lang='grc' dir='ltr'>στρατιωτῶν</span> <span class='ocrx_word' id='word_1_88' title='bbox 1121 1760 1230 1845; x_wconf 75' lang='grc' dir='ltr'>μεταξύ</span> <span class='ocrx_word' id='word_1_89' title='bbox 1263 1770 1321 1823; x_wconf 87' lang='grc' dir='ltr'>τῶν</span> 
     </span>
     <span class='ocr_line' id='line_1_13' title="bbox 172 1860 1366 1952; baseline 0.004 -25"><span class='ocrx_word' id='word_1_90' title='bbox 172 1864 307 1929; x_wconf 86' lang='grc' dir='ltr'>ἐναντίων</span> <span class='ocrx_word' id='word_1_91' title='bbox 338 1862 532 1952; x_wconf 89' lang='grc' dir='ltr'>φυλάττοντα.</span> <span class='ocrx_word' id='word_1_92' title='bbox 600 1867 652 1929; x_wconf 86' lang='grc' dir='ltr'>καί</span> <span class='ocrx_word' id='word_1_93' title='bbox 681 1860 768 1929; x_wconf 89' lang='grc' dir='ltr'>πάλιν</span> <span class='ocrx_word' id='word_1_94' title='bbox 798 1876 856 1927; x_wconf 89' lang='grc' dir='ltr'>τῶν</span> <span class='ocrx_word' id='word_1_95' title='bbox 887 1863 1052 1948; x_wconf 80' lang='grc' dir='ltr'>ἐκκλησιῶν</span> <span class='ocrx_word' id='word_1_96' title='bbox 1082 1866 1131 1927; x_wconf 87' lang='grc' dir='ltr'>τόν</span> <span class='ocrx_word' id='word_1_97' title='bbox 1155 1862 1250 1928; x_wconf 87' lang='grc' dir='ltr'>σάλον</span> <span class='ocrx_word' id='word_1_98' title='bbox 1271 1867 1366 1932; x_wconf 86' lang='grc' dir='ltr'>καί2</span> 
     </span>
     <span class='ocr_line' id='line_1_14' title="bbox 171 1966 1321 2056; baseline -0.001 -23"><span class='ocrx_word' id='word_1_99' title='bbox 171 1981 224 2033; x_wconf 79' lang='grc' dir='ltr'>τῶν</span> <span class='ocrx_word' id='word_1_100' title='bbox 246 1970 365 2033; x_wconf 89' lang='grc' dir='ltr'>δούλων</span> <span class='ocrx_word' id='word_1_101' title='bbox 388 1979 439 2033; x_wconf 92' lang='grc' dir='ltr'>τοῦ</span> <span class='ocrx_word' id='word_1_102' title='bbox 462 1972 538 2033; x_wconf 86' lang='grc' dir='ltr'>θεοῦ</span> <span class='ocrx_word' id='word_1_103' title='bbox 561 1972 615 2040; x_wconf 85' lang='grc' dir='ltr'>τὰς</span> <span class='ocrx_word' id='word_1_104' title='bbox 639 1966 808 2056; x_wconf 82' lang='grc' dir='ltr'>ἐπαχθείας</span> <span class='ocrx_word' id='word_1_105' title='bbox 831 1972 883 2032; x_wconf 88' lang='grc' dir='ltr'>καί</span> <span class='ocrx_word' id='word_1_106' title='bbox 904 1970 975 2041; x_wconf 91' lang='grc' dir='ltr'>τούς</span> <span class='ocrx_word' id='word_1_107' title='bbox 997 1973 1113 2040; x_wconf 84' lang='grc' dir='ltr'>κόπους</span> <span class='ocrx_word' id='word_1_108' title='bbox 1130 1972 1321 2055; x_wconf 76' lang='grc' dir='ltr'>κατανοήσας</span> 
     </span>
     <span class='ocr_line' id='line_1_15' title="bbox 173 2071 1322 2161; baseline -0.001 -24"><span class='ocrx_word' id='word_1_109' title='bbox 173 2078 318 2147; x_wconf 79' lang='grc' dir='ltr'>στενάζων</span> <span class='ocrx_word' id='word_1_110' title='bbox 340 2077 418 2139; x_wconf 86' lang='grc' dir='ltr'>κατὰ</span> <span class='ocrx_word' id='word_1_111' title='bbox 440 2077 490 2138; x_wconf 82' lang='grc' dir='ltr'>τὸν</span> <span class='ocrx_word' id='word_1_112' title='bbox 512 2076 667 2161; x_wconf 79' lang='grc' dir='ltr'>προφήτην</span> <span class='ocrx_word' id='word_1_113' title='bbox 690 2073 849 2158; x_wconf 71' lang='grc' dir='ltr'>ἐκέκραξα·</span> <span class='ocrx_word' id='word_1_114' title='bbox 872 2071 1045 2157; x_wconf 62' lang='grc' dir='ltr'>,ἀνάστα</span> <span class='ocrx_word' id='word_1_115' title='bbox 1074 2074 1194 2157; x_wconf 91' lang='grc' dir='ltr'>κύριε,</span> <span class='ocrx_word' id='word_1_116' title='bbox 1218 2074 1322 2137; x_wconf 87' lang='grc' dir='ltr'>δίκα-</span> 
     </span>
    </p>

    <p class='ocr_par' dir='ltr' id='par_1_6' title="bbox 136 2176 1323 2475">
     <span class='ocr_line' id='line_1_16' title="bbox 136 2176 1322 2265; baseline 0 -24"><span class='ocrx_word' id='word_1_117' title='bbox 136 2199 238 2253; x_wconf 53' lang='grc' dir='ltr'>ιισον</span> <span class='ocrx_word' id='word_1_118' title='bbox 276 2180 345 2264; x_wconf 88' lang='grc' dir='ltr'>τήν</span> <span class='ocrx_word' id='word_1_119' title='bbox 375 2179 489 2265; x_wconf 89' lang='grc' dir='ltr'>δίκην</span> <span class='ocrx_word' id='word_1_120' title='bbox 524 2200 603 2253; x_wconf 84' lang='grc' dir='ltr'>σου,</span> <span class='ocrx_word' id='word_1_121' title='bbox 635 2181 836 2264; x_wconf 86' lang='grc' dir='ltr'>μνήσθητι</span> <span class='ocrx_word' id='word_1_122' title='bbox 868 2188 941 2241; x_wconf 91' lang='grc' dir='ltr'>τῶν</span> <span class='ocrx_word' id='word_1_123' title='bbox 982 2176 1216 2263; x_wconf 85' lang='grc' dir='ltr'>δνειδισμῶν</span> <span class='ocrx_word' id='word_1_124' title='bbox 1250 2199 1322 2241; x_wconf 91' lang='grc' dir='ltr'>σου</span> 
     </span>
     <span class='ocr_line' id='line_1_17' title="bbox 174 2277 1322 2370; baseline 0.002 -27"><span class='ocrx_word' id='word_1_125' title='bbox 174 2292 238 2344; x_wconf 85' lang='grc' dir='ltr'>τῶν</span> <span class='ocrx_word' id='word_1_126' title='bbox 262 2277 335 2346; x_wconf 83' lang='grc' dir='ltr'>ὑπὸ</span> <span class='ocrx_word' id='word_1_127' title='bbox 366 2281 541 2369; x_wconf 82' lang='grc' dir='ltr'>ἄφρονος</span> <span class='ocrx_word' id='word_1_128' title='bbox 571 2280 667 2370; x_wconf 78' lang='grc' dir='ltr'>ὅλην</span> <span class='ocrx_word' id='word_1_129' title='bbox 689 2284 758 2367; x_wconf 90' lang='grc' dir='ltr'>τήν</span> <span class='ocrx_word' id='word_1_130' title='bbox 786 2280 966 2370; x_wconf 64' lang='grc' dir='ltr'>ήμέρανίί,</span> <span class='ocrx_word' id='word_1_131' title='bbox 996 2279 1096 2368; x_wconf 78' lang='grc' dir='ltr'>ήδίως</span> <span class='ocrx_word' id='word_1_132' title='bbox 1125 2286 1177 2346; x_wconf 88' lang='grc' dir='ltr'>καί</span> <span class='ocrx_word' id='word_1_133' title='bbox 1204 2286 1242 2346; x_wconf 84' lang='grc' dir='ltr'>τὰ</span> <span class='ocrx_word' id='word_1_134' title='bbox 1268 2281 1322 2369; x_wconf 85' lang='grc' dir='ltr'>ἐφ-</span> 
     </span>
     <span class='ocr_line' id='line_1_18' title="bbox 175 2384 1323 2475; baseline 0.002 -28"><span class='ocrx_word' id='word_1_135' title='bbox 175 2385 241 2470; x_wconf 63' lang='grc' dir='ltr'>είης</span> <span class='ocrx_word' id='word_1_136' title='bbox 257 2384 371 2473; x_wconf 80' lang='grc' dir='ltr'>δμοίως</span> <span class='ocrx_word' id='word_1_137' title='bbox 395 2385 520 2467; x_wconf 88' lang='grc' dir='ltr'>ἐπάγων·</span> <span class='ocrx_word' id='word_1_138' title='bbox 545 2388 617 2472; x_wconf 77' lang='grc' dir='ltr'>,μή</span> <span class='ocrx_word' id='word_1_139' title='bbox 642 2386 813 2474; x_wconf 88' lang='grc' dir='ltr'>ἐπιλάθη</span> <span class='ocrx_word' id='word_1_140' title='bbox 835 2398 902 2475; x_wconf 83' lang='grc' dir='ltr'>τῆς</span> <span class='ocrx_word' id='word_1_141' title='bbox 926 2397 1053 2475; x_wconf 84' lang='grc' dir='ltr'>φωνης</span> <span class='ocrx_word' id='word_1_142' title='bbox 1075 2398 1146 2452; x_wconf 91' lang='grc' dir='ltr'>τῶν</span> <span class='ocrx_word' id='word_1_143' title='bbox 1169 2389 1323 2471; x_wconf 72' lang='grc' dir='ltr'>ζητούν-</span> 
     </span>
    </p>
   </div>
   <div class='ocr_carea' id='block_1_4' title="bbox 139 2486 1368 3104">
    <p class='ocr_par' dir='ltr' id='par_1_7' title="bbox 139 2486 1368 3104">
     <span class='ocr_line' id='line_1_19' title="bbox 175 2486 1322 2582; baseline 0.003 -29"><span class='ocrx_word' id='word_1_144' title='bbox 175 2513 247 2555; x_wconf 92' lang='grc' dir='ltr'>των</span> <span class='ocrx_word' id='word_1_145' title='bbox 285 2515 338 2576; x_wconf 88' lang='grc' dir='ltr'>σε,</span> <span class='ocrx_word' id='word_1_146' title='bbox 377 2488 398 2579; x_wconf 88' lang='grc' dir='ltr'>ή</span> <span class='ocrx_word' id='word_1_147' title='bbox 437 2486 691 2582; x_wconf 75' lang='grc' dir='ltr'>ὑπερηφανία</span> <span class='ocrx_word' id='word_1_148' title='bbox 734 2505 805 2559; x_wconf 92' lang='grc' dir='ltr'>τῶν</span> <span class='ocrx_word' id='word_1_149' title='bbox 845 2497 1065 2581; x_wconf 83' lang='grc' dir='ltr'>μισούντων</span> <span class='ocrx_word' id='word_1_150' title='bbox 1110 2515 1153 2556; x_wconf 89' lang='grc' dir='ltr'>σε</span> <span class='ocrx_word' id='word_1_151' title='bbox 1198 2490 1322 2579; x_wconf 81' lang='grc' dir='ltr'>άνέβη</span> 
     </span>
     <span class='ocr_line' id='line_1_20' title="bbox 175 2594 1322 2686; baseline -0.001 -26"><span class='ocrx_word' id='word_1_152' title='bbox 175 2597 395 2671; x_wconf 81' lang='grc' dir='ltr'>διαπαντός</span> <span class='ocrx_word' id='word_1_153' title='bbox 424 2601 523 2683; x_wconf 88' lang='grc' dir='ltr'>πρός</span> <span class='ocrx_word' id='word_1_154' title='bbox 554 2601 627 2662; x_wconf 85' lang='grc' dir='ltr'>οε“.</span> <span class='ocrx_word' id='word_1_155' title='bbox 659 2603 711 2662; x_wconf 85' lang='grc' dir='ltr'>καὶ</span> <span class='ocrx_word' id='word_1_156' title='bbox 739 2596 796 2684; x_wconf 85' lang='grc' dir='ltr'>γάρ</span> <span class='ocrx_word' id='word_1_157' title='bbox 828 2597 928 2684; x_wconf 81' lang='grc' dir='ltr'>ὥσπερ</span> <span class='ocrx_word' id='word_1_158' title='bbox 957 2599 1019 2685; x_wconf 83' lang='grc' dir='ltr'>χρή</span> <span class='ocrx_word' id='word_1_159' title='bbox 1042 2594 1125 2686; x_wconf 85' lang='grc' dir='ltr'>ήμᾶς</span> <span class='ocrx_word' id='word_1_160' title='bbox 1147 2601 1180 2662; x_wconf 83' lang='grc' dir='ltr'>τό</span> <span class='ocrx_word' id='word_1_161' title='bbox 1204 2595 1322 2681; x_wconf 75' lang='grc' dir='ltr'>ἑδραῖον</span> 
     </span>
     <span class='ocr_line' id='line_1_21' title="bbox 139 2700 1323 2791; baseline -0.002 -25"><span class='ocrx_word' id='word_1_162' title='bbox 139 2741 161 2780; x_wconf 70' lang='lat'>20</span> <span class='ocrx_word' id='word_1_163' title='bbox 176 2713 226 2788; x_wconf 84' lang='grc' dir='ltr'>της</span> <span class='ocrx_word' id='word_1_164' title='bbox 248 2707 376 2774; x_wconf 88' lang='grc' dir='ltr'>πίστεως</span> <span class='ocrx_word' id='word_1_165' title='bbox 409 2703 574 2789; x_wconf 82' lang='grc' dir='ltr'>φυλάττειν,</span> <span class='ocrx_word' id='word_1_166' title='bbox 599 2700 695 2776; x_wconf 85' lang='grc' dir='ltr'>οὑτως</span> <span class='ocrx_word' id='word_1_167' title='bbox 725 2700 785 2791; x_wconf 90' lang='grc' dir='ltr'>ούχ</span> <span class='ocrx_word' id='word_1_168' title='bbox 815 2702 938 2790; x_wconf 72' lang='grc' dir='ltr'>ἁρμόζει</span> <span class='ocrx_word' id='word_1_169' title='bbox 967 2707 1034 2788; x_wconf 86' lang='grc' dir='ltr'>περί</span> <span class='ocrx_word' id='word_1_170' title='bbox 1055 2713 1109 2788; x_wconf 84' lang='grc' dir='ltr'>της</span> <span class='ocrx_word' id='word_1_171' title='bbox 1133 2703 1323 2788; x_wconf 88' lang='grc' dir='ltr'>δικαιοσύνης</span> 
     </span>
     <span class='ocr_line' id='line_1_22' title="bbox 176 2805 1368 2895; baseline -0.002 -23"><span class='ocrx_word' id='word_1_172' title='bbox 176 2818 227 2893; x_wconf 83' lang='grc' dir='ltr'>της</span> <span class='ocrx_word' id='word_1_173' title='bbox 247 2811 336 2882; x_wconf 88' lang='grc' dir='ltr'>θείοις</span> <span class='ocrx_word' id='word_1_174' title='bbox 358 2813 485 2894; x_wconf 88' lang='grc' dir='ltr'>κρίσεως</span> <span class='ocrx_word' id='word_1_175' title='bbox 510 2807 648 2874; x_wconf 76' lang='grc' dir='ltr'>άπιστεῖν.</span> <span class='ocrx_word' id='word_1_176' title='bbox 716 2806 772 2874; x_wconf 89' lang='grc' dir='ltr'>ούκ</span> <span class='ocrx_word' id='word_1_177' title='bbox 795 2807 856 2873; x_wconf 84' lang='grc' dir='ltr'>ἔστι</span> <span class='ocrx_word' id='word_1_178' title='bbox 876 2813 954 2891; x_wconf 84' lang='grc' dir='ltr'>νέος,</span> <span class='ocrx_word' id='word_1_179' title='bbox 977 2807 1113 2895; x_wconf 80' lang='grc' dir='ltr'>ἀδελφοί,</span> <span class='ocrx_word' id='word_1_180' title='bbox 1136 2817 1192 2893; x_wconf 82' lang='grc' dir='ltr'>της</span> <span class='ocrx_word' id='word_1_181' title='bbox 1214 2805 1323 2892; x_wconf 87' lang='grc' dir='ltr'>ἐκκλη-</span> <span class='ocrx_word' id='word_1_182' title='bbox 1347 2813 1368 2876; x_wconf 92' lang='grc'><strong>3</strong></span> 
     </span>
     <span class='ocr_line' id='line_1_23' title="bbox 178 2908 1324 3000; baseline 0 -26"><span class='ocrx_word' id='word_1_183' title='bbox 178 2919 242 2985; x_wconf 84' lang='grc' dir='ltr'>σίας</span> <span class='ocrx_word' id='word_1_184' title='bbox 264 2909 354 2985; x_wconf 87' lang='grc' dir='ltr'>οὑτος</span> <span class='ocrx_word' id='word_1_185' title='bbox 377 2910 393 2976; x_wconf 88' lang='grc' dir='ltr'>ὑ</span> <span class='ocrx_word' id='word_1_186' title='bbox 416 2918 521 2986; x_wconf 88' lang='grc' dir='ltr'>κόπος·</span> <span class='ocrx_word' id='word_1_187' title='bbox 547 2910 630 3000; x_wconf 82' lang='grc' dir='ltr'>ὅμως</span> <span class='ocrx_word' id='word_1_188' title='bbox 655 2913 685 2977; x_wconf 92' lang='grc' dir='ltr'>ἐν</span> <span class='ocrx_word' id='word_1_189' title='bbox 708 2909 789 2997; x_wconf 81' lang='grc' dir='ltr'>αύτῖμ</span> <span class='ocrx_word' id='word_1_190' title='bbox 812 2925 855 2998; x_wconf 78' lang='grc' dir='ltr'>τίμ</span> <span class='ocrx_word' id='word_1_191' title='bbox 882 2914 1096 2978; x_wconf 83' lang='grc' dir='ltr'>ταπεινοῦσθαι</span> <span class='ocrx_word' id='word_1_192' title='bbox 1126 2908 1251 2996; x_wconf 84' lang='grc' dir='ltr'>ὑψοῦται</span> <span class='ocrx_word' id='word_1_193' title='bbox 1271 2915 1324 2974; x_wconf 85' lang='grc' dir='ltr'>καί</span> 
     </span>
     <span class='ocr_line' id='line_1_24' title="bbox 178 3013 1323 3104; baseline -0.001 -25"><span class='ocrx_word' id='word_1_194' title='bbox 178 3015 212 3079; x_wconf 85' lang='grc' dir='ltr'>δι’</span> <span class='ocrx_word' id='word_1_195' title='bbox 235 3017 364 3100; x_wconf 88' lang='grc' dir='ltr'>ἐκείνων,</span> <span class='ocrx_word' id='word_1_196' title='bbox 389 3017 425 3081; x_wconf 87' lang='grc' dir='ltr'>δι’</span> <span class='ocrx_word' id='word_1_197' title='bbox 449 3014 490 3080; x_wconf 81' lang='grc' dir='ltr'>ὧν</span> <span class='ocrx_word' id='word_1_198' title='bbox 512 3020 675 3104; x_wconf 85' lang='grc' dir='ltr'>πτωχεύειν</span> <span class='ocrx_word' id='word_1_199' title='bbox 699 3015 789 3091; x_wconf 80' lang='grc' dir='ltr'>δοκεῖ,</span> <span class='ocrx_word' id='word_1_200' title='bbox 813 3017 1006 3088; x_wconf 74' lang='grc' dir='ltr'>πλουτίζεται.</span> <span class='ocrx_word' id='word_1_201' title='bbox 1030 3014 1060 3078; x_wconf 84' lang='grc' dir='ltr'>ἐν</span> <span class='ocrx_word' id='word_1_202' title='bbox 1083 3020 1171 3101; x_wconf 76' lang='grc' dir='ltr'>πείρα</span> <span class='ocrx_word' id='word_1_203' title='bbox 1186 3013 1247 3079; x_wconf 84' lang='grc' dir='ltr'>ἐστί</span> <span class='ocrx_word' id='word_1_204' title='bbox 1260 3027 1323 3087; x_wconf 79' lang='grc' dir='ltr'>τοῖς</span> 
     </span>
    </p>
   </div>
   <div class='ocr_carea' id='block_1_5' title="bbox 172 3207 1324 4164">
    <p class='ocr_par' dir='ltr' id='par_1_8' title="bbox 172 3207 1324 4164">
     <span class='ocr_line' id='line_1_25' title="bbox 211 3207 1322 3277; baseline -0.003 -14"><span class='ocrx_word' id='word_1_205' title='bbox 211 3207 278 3264; x_wconf 78' lang='lat'>140.</span> <span class='ocrx_word' id='word_1_206' title='bbox 317 3209 485 3262; x_wconf 75' lang='lat' dir='ltr'><strong><em>Hormisdae</em></strong></span> <span class='ocrx_word' id='word_1_207' title='bbox 503 3209 639 3277; x_wconf 74' lang='lat' dir='ltr'><strong><em>epistulae</em></strong></span> <span class='ocrx_word' id='word_1_208' title='bbox 655 3213 735 3262; x_wconf 62' lang='lat' dir='ltr'><strong><em>uetus</em></strong></span> <span class='ocrx_word' id='word_1_209' title='bbox 751 3208 945 3276; x_wconf 72' lang='lat' dir='ltr'><strong><em>interpretatio</em></strong></span> <span class='ocrx_word' id='word_1_210' title='bbox 967 3207 1084 3273; x_wconf 78' lang='lat' dir='ltr'><strong><em>Graeca,</em></strong></span> <span class='ocrx_word' id='word_1_211' title='bbox 1104 3223 1187 3275; x_wconf 80' lang='grc' dir='ltr'>ηιιοτκ</span> <span class='ocrx_word' id='word_1_212' title='bbox 1209 3207 1254 3260; x_wconf 79' lang='lat' dir='ltr'>hic</span> <span class='ocrx_word' id='word_1_213' title='bbox 1277 3223 1322 3260; x_wconf 79' lang='grc' dir='ltr'>ια·</span> 
     </span>
     <span class='ocr_line' id='line_1_26' title="bbox 172 3295 1324 3368; baseline -0.003 -17"><span class='ocrx_word' id='word_1_214' title='bbox 172 3297 267 3364; x_wconf 73' lang='grc' dir='ltr'>μεστοί,</span> <span class='ocrx_word' id='word_1_215' title='bbox 286 3298 393 3352; x_wconf 71' lang='grc' dir='ltr'>ἱκετεία</span> <span class='ocrx_word' id='word_1_216' title='bbox 416 3297 552 3366; x_wconf 79' lang='lat' dir='ltr'><strong><em>reperitur</em></strong></span> <span class='ocrx_word' id='word_1_217' title='bbox 576 3297 645 3351; x_wconf 69' lang='lat' dir='ltr'><strong><em>actis</em></strong></span> <span class='ocrx_word' id='word_1_218' title='bbox 667 3297 769 3368; x_wconf 72' lang='lat' dir='ltr'><strong><em>synodi</em></strong></span> <span class='ocrx_word' id='word_1_219' title='bbox 793 3315 820 3351; x_wconf 87' lang='grc' dir='ltr'>ο.</span> <span class='ocrx_word' id='word_1_220' title='bbox 846 3299 905 3350; x_wconf 83' lang='grc'>536</span> <span class='ocrx_word' id='word_1_221' title='bbox 930 3296 1174 3364; x_wconf 77' lang='grc' dir='ltr'>Οοκοίακύίτιοροίί</span> <span class='ocrx_word' id='word_1_222' title='bbox 1195 3295 1324 3362; x_wconf 75' lang='grc' dir='ltr'>ίιαδίίαε,</span> 
     </span>
     <span class='ocr_line' id='line_1_27' title="bbox 176 3383 1321 3453; baseline -0.001 -15"><span class='ocrx_word' id='word_1_223' title='bbox 176 3387 209 3452; x_wconf 80' lang='lat' dir='ltr'>es.</span> <span class='ocrx_word' id='word_1_224' title='bbox 228 3385 418 3440; x_wconf 75' lang='lat' dir='ltr'><strong><em>Nacheichten</em></strong></span> <span class='ocrx_word' id='word_1_225' title='bbox 441 3386 536 3440; x_wconf 79' lang='lat' dir='ltr'><strong><em>derit.</em></strong></span> <span class='ocrx_word' id='word_1_226' title='bbox 559 3385 703 3440; x_wconf 72' lang='lat' dir='ltr'><strong><em>Gesettectt.</em></strong></span> <span class='ocrx_word' id='word_1_227' title='bbox 725 3385 750 3438; x_wconf 79' lang='grc' dir='ltr'>τί.</span> <span class='ocrx_word' id='word_1_228' title='bbox 775 3383 938 3439; x_wconf 76' lang='lat' dir='ltr'><strong><em>Wieaensch.</em></strong></span> <span class='ocrx_word' id='word_1_229' title='bbox 956 3401 992 3438; x_wconf 78' lang='grc' dir='ltr'>κα</span> <span class='ocrx_word' id='word_1_230' title='bbox 1018 3383 1188 3453; x_wconf 74' lang='grc' dir='ltr'>θοοίίίιιμεκ,</span> <span class='ocrx_word' id='word_1_231' title='bbox 1208 3383 1321 3452; x_wconf 72' lang='lat' dir='ltr'><strong><em>philol.-</em></strong></span> 
     </span>
     <span class='ocr_line' id='line_1_28' title="bbox 176 3472 1323 3542; baseline 0 -16"><span class='ocrx_word' id='word_1_232' title='bbox 176 3475 235 3528; x_wconf 75' lang='grc' dir='ltr'>δίει.</span> <span class='ocrx_word' id='word_1_233' title='bbox 259 3475 308 3529; x_wconf 86' lang='lat' dir='ltr'>Kt.</span> <span class='ocrx_word' id='word_1_234' title='bbox 331 3477 406 3528; x_wconf 76' lang='grc'><em>1894</em></span> <span class='ocrx_word' id='word_1_235' title='bbox 424 3491 454 3542; x_wconf 84' lang='grc' dir='ltr'>ρ.</span> <span class='ocrx_word' id='word_1_236' title='bbox 474 3477 539 3528; x_wconf 83' lang='lat'><em>120.</em></span> <span class='ocrx_word' id='word_1_237' title='bbox 590 3474 701 3529; x_wconf 78' lang='lat' dir='ltr'><strong><em>Codices</em></strong></span> <span class='ocrx_word' id='word_1_238' title='bbox 725 3473 844 3528; x_wconf 74' lang='lat' dir='ltr'><strong><em>adhibui</em></strong></span> <span class='ocrx_word' id='word_1_239' title='bbox 866 3474 971 3526; x_wconf 77' lang='lat' dir='ltr'><strong><em>eosdem</em></strong></span> <span class='ocrx_word' id='word_1_240' title='bbox 993 3473 1112 3542; x_wconf 73' lang='lat' dir='ltr'>quinque</span> <span class='ocrx_word' id='word_1_241' title='bbox 1135 3472 1231 3542; x_wconf 63' lang='lat' dir='ltr'>mogh,</span> <span class='ocrx_word' id='word_1_242' title='bbox 1254 3487 1323 3541; x_wconf 76' lang='lat' dir='ltr'>quot</span> 
     </span>
     <span class='ocr_line' id='line_1_29' title="bbox 177 3559 1322 3632; baseline -0.002 -16"><span class='ocrx_word' id='word_1_243' title='bbox 177 3563 335 3618; x_wconf 78' lang='grc' dir='ltr'>αιυπιιιιαιιί</span> <span class='ocrx_word' id='word_1_244' title='bbox 356 3580 387 3632; x_wconf 83' lang='grc' dir='ltr'>ρ.</span> <span class='ocrx_word' id='word_1_245' title='bbox 414 3567 478 3617; x_wconf 83' lang='grc'><em>163.</em></span> <span class='ocrx_word' id='word_1_246' title='bbox 515 3563 590 3618; x_wconf 81' lang='lat' dir='ltr'><em>Edd.</em></span> <span class='ocrx_word' id='word_1_247' title='bbox 618 3563 729 3630; x_wconf 66' lang='lat' dir='ltr'><strong><em>Bittius,</em></strong></span> <span class='ocrx_word' id='word_1_248' title='bbox 760 3563 863 3617; x_wconf 79' lang='lat' dir='ltr'><strong><em>Concii.</em></strong></span> <span class='ocrx_word' id='word_1_249' title='bbox 889 3578 977 3630; x_wconf 77' lang='grc' dir='ltr'>ρεκοτ.</span> <span class='ocrx_word' id='word_1_250' title='bbox 1007 3559 1047 3614; x_wconf 80' lang='lat' dir='ltr'>ed.</span> <span class='ocrx_word' id='word_1_251' title='bbox 1075 3564 1095 3614; x_wconf 82' lang='lat'><strong><em>2</em></strong></span> <span class='ocrx_word' id='word_1_252' title='bbox 1122 3563 1220 3628; x_wconf 86' lang='grc'><em>(1618)</em></span> <span class='ocrx_word' id='word_1_253' title='bbox 1248 3561 1286 3613; x_wconf 92' lang='grc' dir='ltr'>Π</span> <span class='ocrx_word' id='word_1_254' title='bbox 1306 3566 1322 3614; x_wconf 91' lang='grc'><em>1</em></span> 
     </span>
     <span class='ocr_line' id='line_1_30' title="bbox 172 3647 1322 3722; baseline -0.003 -16"><span class='ocrx_word' id='word_1_255' title='bbox 172 3669 200 3722; x_wconf 85' lang='grc' dir='ltr'>ρ.</span> <span class='ocrx_word' id='word_1_256' title='bbox 222 3655 291 3720; x_wconf 69' lang='grc'><em>718,</em></span> <span class='ocrx_word' id='word_1_257' title='bbox 308 3651 416 3706; x_wconf 77' lang='lat' dir='ltr'><strong><em>Fronto</em></strong></span> <span class='ocrx_word' id='word_1_258' title='bbox 435 3653 506 3708; x_wconf 79' lang='lat' dir='ltr'><strong><em>Due.</em></strong></span> <span class='ocrx_word' id='word_1_259' title='bbox 517 3670 547 3722; x_wconf 84' lang='grc' dir='ltr'>ρ.</span> <span class='ocrx_word' id='word_1_260' title='bbox 566 3655 640 3718; x_wconf 87' lang='grc'>660,·</span> <span class='ocrx_word' id='word_1_261' title='bbox 658 3652 767 3706; x_wconf 81' lang='lat' dir='ltr'><strong><em>t&#39;otteet.</em></strong></span> <span class='ocrx_word' id='word_1_262' title='bbox 783 3651 900 3718; x_wconf 82' lang='lat' dir='ltr'><strong><em>Conctt.;</em></strong></span> <span class='ocrx_word' id='word_1_263' title='bbox 921 3649 1001 3703; x_wconf 77' lang='lat' dir='ltr'><strong><em>Thiet</em></strong></span> <span class='ocrx_word' id='word_1_264' title='bbox 1015 3652 1082 3702; x_wconf 80' lang='lat'><em>820.</em></span> <span class='ocrx_word' id='word_1_265' title='bbox 1138 3650 1155 3702; x_wconf 83' lang='lat'>4</span> <span class='ocrx_word' id='word_1_266' title='bbox 1174 3647 1322 3720; x_wconf 76' lang='grc' dir='ltr'>καθέδραι</span> 
     </span>
     <span class='ocr_line' id='line_1_31' title="bbox 177 3737 1322 3812; baseline -0.003 -18"><span class='ocrx_word' id='word_1_267' title='bbox 177 3744 192 3794; x_wconf 80' lang='lat'>6</span> <span class='ocrx_word' id='word_1_268' title='bbox 209 3749 260 3795; x_wconf 90' lang='grc' dir='ltr'>τῶν</span> <span class='ocrx_word' id='word_1_269' title='bbox 280 3757 331 3796; x_wconf 78' lang='lat' dir='ltr'>om.</span> <span class='ocrx_word' id='word_1_270' title='bbox 352 3758 383 3794; x_wconf 85' lang='lat' dir='ltr'>eo</span> <span class='ocrx_word' id='word_1_271' title='bbox 426 3743 441 3795; x_wconf 86' lang='grc'><strong>7</strong></span> <span class='ocrx_word' id='word_1_272' title='bbox 460 3748 512 3793; x_wconf 87' lang='grc' dir='ltr'>τῶν</span> <span class='ocrx_word' id='word_1_273' title='bbox 532 3739 645 3793; x_wconf 85' lang='grc' dir='ltr'>ἀπίστων</span> <span class='ocrx_word' id='word_1_274' title='bbox 663 3740 682 3812; x_wconf 91' lang='grc' dir='ltr'>ή</span> <span class='ocrx_word' id='word_1_275' title='bbox 703 3759 765 3795; x_wconf 85' lang='lat' dir='ltr'>aeo:</span> <span class='ocrx_word' id='word_1_276' title='bbox 784 3740 802 3812; x_wconf 85' lang='grc' dir='ltr'>ἡ</span> <span class='ocrx_word' id='word_1_277' title='bbox 822 3747 874 3792; x_wconf 84' lang='grc' dir='ltr'>τῶν</span> <span class='ocrx_word' id='word_1_278' title='bbox 893 3737 1006 3791; x_wconf 75' lang='grc' dir='ltr'>ἀπίστων</span> <span class='ocrx_word' id='word_1_279' title='bbox 1027 3738 1064 3806; x_wconf 86' lang='lat' dir='ltr'>gh</span> <span class='ocrx_word' id='word_1_280' title='bbox 1100 3739 1117 3790; x_wconf 88' lang='grc'>8</span> <span class='ocrx_word' id='word_1_281' title='bbox 1136 3745 1225 3799; x_wconf 83' lang='grc' dir='ltr'>κακῶς</span> <span class='ocrx_word' id='word_1_282' title='bbox 1244 3737 1322 3797; x_wconf 74' lang='grc' dir='ltr'>ζῶντι</span> 
     </span>
     <span class='ocr_line' id='line_1_32' title="bbox 177 3825 1320 3901; baseline -0.003 -19"><span class='ocrx_word' id='word_1_283' title='bbox 177 3831 274 3900; x_wconf 77' lang='lat' dir='ltr'><strong><em>aeogh:</em></strong></span> <span class='ocrx_word' id='word_1_284' title='bbox 293 3831 363 3898; x_wconf 81' lang='lat' dir='ltr'><strong><em>fort.</em></strong></span> <span class='ocrx_word' id='word_1_285' title='bbox 389 3829 518 3891; x_wconf 74' lang='grc' dir='ltr'>ἀναίῶντι</span> <span class='ocrx_word' id='word_1_286' title='bbox 608 3831 641 3883; x_wconf 90' lang='grc'><em>10</em></span> <span class='ocrx_word' id='word_1_287' title='bbox 665 3827 796 3901; x_wconf 79' lang='grc' dir='ltr'>ήμετίρας</span> <span class='ocrx_word' id='word_1_288' title='bbox 818 3829 844 3894; x_wconf 92' lang='lat' dir='ltr'>h,</span> <span class='ocrx_word' id='word_1_289' title='bbox 869 3826 993 3898; x_wconf 76' lang='grc' dir='ltr'>ὑμετέρας</span> <span class='ocrx_word' id='word_1_290' title='bbox 1013 3843 1045 3880; x_wconf 81' lang='lat' dir='ltr'>ex</span> <span class='ocrx_word' id='word_1_291' title='bbox 1063 3825 1193 3897; x_wconf 82' lang='grc' dir='ltr'>ήμετίρας</span> <span class='ocrx_word' id='word_1_292' title='bbox 1216 3841 1285 3879; x_wconf 84' lang='lat' dir='ltr'><strong><em>corr.</em></strong></span> <span class='ocrx_word' id='word_1_293' title='bbox 1306 3843 1320 3878; x_wconf 96' lang='grc' dir='ltr'>ο</span> 
     </span>
     <span class='ocr_line' id='line_1_33' title="bbox 178 3913 1320 3990; baseline -0.004 -19"><span class='ocrx_word' id='word_1_294' title='bbox 178 3919 206 3972; x_wconf 92' lang='grc'>11</span> <span class='ocrx_word' id='word_1_295' title='bbox 227 3920 365 3973; x_wconf 76' lang='grc' dir='ltr'>ἐαυτῶνί]</span> <span class='ocrx_word' id='word_1_296' title='bbox 457 3918 489 3972; x_wconf 89' lang='grc'><em>16</em></span> <span class='ocrx_word' id='word_1_297' title='bbox 510 3917 605 3990; x_wconf 75' lang='grc' dir='ltr'>ἐφεξῆς</span> <span class='ocrx_word' id='word_1_298' title='bbox 625 3917 691 3987; x_wconf 83' lang='lat' dir='ltr'><strong>agh:</strong></span> <span class='ocrx_word' id='word_1_299' title='bbox 713 3917 774 3988; x_wconf 76' lang='grc' dir='ltr'>ἐξής</span> <span class='ocrx_word' id='word_1_300' title='bbox 795 3934 826 3970; x_wconf 89' lang='lat' dir='ltr'>eo</span> <span class='ocrx_word' id='word_1_301' title='bbox 919 3917 950 3970; x_wconf 83' lang='lat'>17</span> <span class='ocrx_word' id='word_1_302' title='bbox 971 3914 1074 3986; x_wconf 77' lang='grc' dir='ltr'>ἐπάγων</span> <span class='ocrx_word' id='word_1_303' title='bbox 1094 3914 1143 3984; x_wconf 83' lang='lat' dir='ltr'>gh:</span> <span class='ocrx_word' id='word_1_304' title='bbox 1164 3913 1252 3983; x_wconf 81' lang='grc' dir='ltr'>ἐπάγω</span> <span class='ocrx_word' id='word_1_305' title='bbox 1271 3930 1320 3967; x_wconf 74' lang='grc' dir='ltr'>που</span> 
     </span>
     <span class='ocr_line' id='line_1_34' title="bbox 178 4003 1320 4077; baseline -0.004 -17"><span class='ocrx_word' id='word_1_306' title='bbox 178 4008 209 4060; x_wconf 80' lang='lat'>20</span> <span class='ocrx_word' id='word_1_307' title='bbox 228 4006 352 4068; x_wconf 80' lang='grc' dir='ltr'>ἐπίστιος</span> <span class='ocrx_word' id='word_1_308' title='bbox 372 4023 386 4060; x_wconf 95' lang='grc' dir='ltr'>ο</span> <span class='ocrx_word' id='word_1_309' title='bbox 442 4007 474 4059; x_wconf 86' lang='grc'><em>21</em></span> <span class='ocrx_word' id='word_1_310' title='bbox 495 4003 604 4077; x_wconf 87' lang='grc' dir='ltr'>κρίσεως</span> <span class='ocrx_word' id='word_1_311' title='bbox 624 4023 667 4059; x_wconf 87' lang='lat' dir='ltr'>eo:</span> <span class='ocrx_word' id='word_1_312' title='bbox 688 4003 798 4067; x_wconf 85' lang='grc' dir='ltr'>πίστεως</span> <span class='ocrx_word' id='word_1_313' title='bbox 818 4006 853 4059; x_wconf 80' lang='lat' dir='ltr'>ah</span> <span class='ocrx_word' id='word_1_314' title='bbox 872 4011 897 4058; x_wconf 82' lang='lat' dir='ltr'>et</span> <span class='ocrx_word' id='word_1_315' title='bbox 913 4006 973 4058; x_wconf 74' lang='lat' dir='ltr'><strong><em>sine</em></strong></span> <span class='ocrx_word' id='word_1_316' title='bbox 991 4004 1074 4058; x_wconf 76' lang='lat' dir='ltr'><strong><em>tutto</em></strong></span> <span class='ocrx_word' id='word_1_317' title='bbox 1089 4005 1170 4057; x_wconf 82' lang='lat' dir='ltr'><strong><em>etiam</em></strong></span> <span class='ocrx_word' id='word_1_318' title='bbox 1185 4020 1212 4072; x_wconf 83' lang='lat' dir='ltr'>g,</span> <span class='ocrx_word' id='word_1_319' title='bbox 1225 4019 1320 4072; x_wconf 81' lang='lat' dir='ltr'><em>quam-</em></span> 
     </span>
     <span class='ocr_line' id='line_1_35' title="bbox 178 4091 1320 4164; baseline 0 -16"><span class='ocrx_word' id='word_1_320' title='bbox 178 4113 257 4164; x_wconf 70' lang='lat' dir='ltr'><strong><em>quam</em></strong></span> <span class='ocrx_word' id='word_1_321' title='bbox 274 4095 348 4150; x_wconf 70' lang='lat' dir='ltr'><strong><em>eittt</em></strong></span> <span class='ocrx_word' id='word_1_322' title='bbox 367 4095 507 4149; x_wconf 79' lang='grc' dir='ltr'>σάκοίαιιί</span> <span class='ocrx_word' id='word_1_323' title='bbox 562 4093 668 4164; x_wconf 81' lang='grc' dir='ltr'>ἀδελφοί</span> <span class='ocrx_word' id='word_1_324' title='bbox 687 4111 720 4148; x_wconf 80' lang='grc' dir='ltr'>επ</span> <span class='ocrx_word' id='word_1_325' title='bbox 739 4091 853 4164; x_wconf 79' lang='grc' dir='ltr'>ἀδελφοῦ</span> <span class='ocrx_word' id='word_1_326' title='bbox 868 4109 937 4147; x_wconf 80' lang='lat' dir='ltr'><strong><em>corr.</em></strong></span> <span class='ocrx_word' id='word_1_327' title='bbox 953 4111 968 4145; x_wconf 93' lang='grc' dir='ltr'>ο</span> <span class='ocrx_word' id='word_1_328' title='bbox 982 4095 1092 4146; x_wconf 60' lang='lat' dir='ltr'><strong><em>manti</em></strong></span> <span class='ocrx_word' id='word_1_329' title='bbox 1128 4093 1162 4145; x_wconf 82' lang='lat'>22</span> <span class='ocrx_word' id='word_1_330' title='bbox 1180 4094 1217 4164; x_wconf 77' lang='grc' dir='ltr'>τῷ</span> <span class='ocrx_word' id='word_1_331' title='bbox 1236 4095 1320 4148; x_wconf 88' lang='lat' dir='ltr'><strong><em>om.h</em></strong></span> 
     </span>
    </p>
   </div>
   <div class='ocr_carea' id='block_1_6' title="bbox 0 0 1518 4975">
    <p class='ocr_par' dir='ltr' id='par_1_9' title="bbox 0 0 1518 4975">
     <span class='ocr_line' id='line_1_36' title="bbox 0 0 1518 4975; baseline 0 0"><span class='ocrx_word' id='word_1_332' title='bbox 0 0 1518 4975; x_wconf 95' lang='lat' dir='ltr'> </span> 
     </span>
    </p>
   </div>
  </div>
 </body>
</html>
