3025 4975
209 391 273 455 548
547 388 693 443 Hormisda
712 390 846 459 episcopis
865 388 1022 443 orthodoxis

211 586 369 649 stores?
394 586 515 649 certum
540 586 589 648 est
613 584 686 667 plns
706 584 745 647 ab
765 601 812 661 eo,
833 584 886 649 cui
904 584 977 667 plus
997 585 1147 662 creditur,
1168 585 1358 670 erigendum

212 692 245 756 et
270 692 358 755 tanto
396 690 500 774 magis
533 708 591 755 nos
625 689 775 755 obnoxios
812 690 891 769 fieri,
926 695 1042 772 quanto
1076 692 1224 757 effusiore
1257 692 1360 777 gratia

180 796 380 881 deontigerit
411 796 567 861 honorari.
622 797 776 879 magister
806 797 909 862 bonus
938 801 971 862 et
997 798 1114 863 docens
1141 818 1197 882 ρετ
1224 800 1360 864 obscura

210 904 326 983 lucem,
350 923 406 988 ρετ
429 903 675 969 similitudinum
698 904 878 987 aegnimata
900 904 1079 983 ueritatem,
1099 924 1228 970 seruum
1246 906 1361 971 talenti

211 1030 231 1075 e
255 1030 288 1077 se
312 1011 420 1075 traditi
443 1014 568 1095 praeter
595 1018 766 1095 augmenta
789 1011 955 1077 custodem
979 1031 1040 1077 non
1069 1013 1174 1096 arguit
1200 1011 1359 1077 infidelem
1392 1038 1404 1077 s

213 1118 270 1183 sed
298 1118 521 1183 condemnauit
553 1118 708 1183 inutilem.
737 1119 820 1184 unde
843 1119 875 1184 in
900 1122 1009 1203 aperto
1038 1124 1097 1195 est,
1124 1118 1156 1183 in
1180 1138 1242 1201 quo
1269 1123 1360 1185 metu

214 1244 285 1291 esse
323 1226 433 1290 deceat
470 1244 553 1303 enm,
592 1226 647 1308 qui
685 1226 879 1291 dominicum
918 1226 1077 1291 nomisma
1112 1226 1294 1309 perdiderit,
1333 1226 1361 1289 si

215 1332 361 1415 culpatus
399 1335 450 1397 est
486 1332 525 1407 is,
564 1332 619 1415 qui
655 1336 823 1414 acceptum
855 1332 923 1397 sine
960 1332 1171 1398 inminutione
1207 1332 1359 1397 semauit.

214 1440 323 1503 nullus
347 1441 514 1503 contentus
539 1438 582 1503 sit
604 1438 786 1503 innocentia
808 1457 876 1516 sua,
901 1438 975 1521 quia
998 1438 1055 1503 deo
1079 1441 1187 1503 nostro
1210 1437 1361 1502 uniuersa

215 1545 355 1610 cernenti
377 1564 433 1627 per
454 1544 697 1628 praedicationis
721 1544 943 1611 assiduitatem
964 1545 1119 1611 rationem
1143 1564 1269 1627 quoque
1291 1562 1362 1627 pro·
1382 1572 1407 1612 ιο

185 1644 313 1735 7positi
333 1651 484 1717 debemus
504 1652 608 1717 alieni.
655 1652 776 1736 largam
796 1651 962 1717 scientiam
982 1652 1074 1717 decet
1092 1671 1164 1717 esse
1184 1651 1360 1717 doctornm.

215 1780 276 1825 non
293 1762 377 1825 amat
390 1760 469 1825 fides
486 1758 666 1825 Christiana
682 1764 857 1836 secretum3
878 1778 972 1841 qnam
987 1760 1122 1843 quisque
1138 1760 1169 1823 in
1190 1761 1363 1842 augmenta

214 1886 275 1931 non
295 1866 437 1943 effundit,
457 1866 632 1931 abscondit.
656 1886 712 1948 per
734 1867 901 1931 uniuersas
925 1871 1037 1951 gentes
1060 1866 1151 1931 uerbi
1167 1866 1361 1948 praedicatio

215 1972 382 2037 mandatur
401 1973 566 2054 apostolis,
583 1977 615 2037 et
634 1991 728 2055 quam
748 1971 972 2037 excusabiliter
990 1972 1050 2037 boc
1070 1972 1238 2055 quisquam
1256 1974 1364 2054 potest

216 2079 279 2143 sibi
315 2082 419 2143 tacere
457 2078 660 2145 commissis?
703 2078 777 2162 quid
819 2078 950 2162 prodest
987 2078 1120 2143 cuilibet
1159 2082 1362 2161 paternarum
1382 2106 1407 2145 rr

216 2186 426 2251 reuerentiam
459 2204 585 2251 seruare
616 2187 808 2269 regularum,
838 2186 866 2251 si
894 2186 1023 2251 concuti
1050 2185 1126 2251 baec
1156 2185 1195 2250 ab
1224 2184 1306 2261 aliis,
1335 2186 1364 2249 si

186 2293 286 2357 8sine
319 2294 435 2359 honore
468 2294 597 2358 tractari
628 2293 785 2375 patienter
818 2293 976 2375 accipiat?
1028 2292 1189 2357 infirmum
1222 2291 1365 2357 ostendit

218 2400 374 2477 affectum,
414 2400 467 2483 qni
502 2399 587 2481 quod
625 2399 730 2485 diligit
766 2419 826 2466 non
859 2403 977 2465 tuetur.
1008 2400 1211 2464 incursantur
1242 2398 1364 2483 passim

218 2511 328 2572 sancta
351 2527 369 2572 a
390 2507 519 2590 perfidis
544 2508 718 2574 constituta
741 2511 774 2572 et
796 2509 941 2573 rediuiua
959 2507 1093 2572 subinde
1113 2508 1151 2572 de
1170 2507 1364 2589 compressis

219 2615 398 2680 excessibus
421 2617 561 2699 resurgit
582 2615 779 2697 improbitas.
805 2615 1082 2698 quemadmodum,
1101 2634 1189 2699 rogo,
1209 2615 1361 2698 pietatem
1382 2641 1409 2681 sc

189 2722 252 2786 bin
285 2721 380 2786 deum
408 2722 530 2804 probat,
560 2722 613 2804 qui
641 2725 706 2786 tam
735 2722 870 2786 nefanda
900 2722 1104 2788 dissimulat?
1150 2720 1364 2798 recordemur,

221 2849 282 2912 qua
306 2829 535 2895 catholicorum
558 2829 735 2912 frequentia
763 2830 964 2894 sacerdotum
986 2830 1052 2906 illa
1077 2830 1195 2911 quibus
1222 2827 1364 2906 nitimur,

221 2937 379 3002 celebrata
416 2936 619 3002 didicerimus
658 2955 727 3001 esse
766 2937 914 3002 concilia!
954 2940 1088 3020 quantos
1125 2953 1183 3001 nec
1216 2933 1364 2999 debilitas

220 3045 389 3128 impedinit
421 3061 477 3108 nec
511 3047 657 3108 senectus
692 3062 824 3108 onerosa
855 3043 1016 3107 tardauit?
1050 3043 1164 3126 exigua
1185 3042 1257 3106 uisa
1289 3044 1366 3106 sunt

222 3151 434 3234 spatiosarum
460 3149 628 3215 interualla
654 3150 820 3234 regionum
849 3154 881 3214 et
903 3150 1026 3215 labores
1054 3151 1118 3231 ipsi
1144 3168 1201 3231 pro
1229 3147 1365 3232 quadam
1384 3175 1410 3215 ce

222 3257 437 3323 consolatione
460 3257 601 3334 iucundi,
626 3257 701 3321 dum
730 3257 844 3338 spiritu
876 3261 1056 3322 sanctarum
1084 3255 1365 3340 congregationum

171 3367 350 3449 loregente
379 3363 565 3448 sapientiam
593 3383 663 3430 sera
691 3368 789 3444 netas,
824 3364 908 3447 quod
935 3366 1086 3441 seruaret,
1115 3362 1281 3444 acciperet.
1334 3365 1367 3426 et

223 3474 302 3536 haec
324 3471 554 3536 insectantibus
578 3472 686 3554 impiis
710 3475 785 3555 post
808 3470 988 3536 damnatam
1011 3470 1043 3533 in
1067 3469 1172 3535 radice
1202 3467 1365 3551 perfidiam

223 3582 319 3655 tacet,
344 3578 397 3661 qui
422 3578 484 3644 scit
507 3576 568 3642 sibi
591 3597 661 3642 esse
684 3577 886 3643 mandatum:
918 3577 1053 3641 exalta
1080 3594 1219 3640 uocem
1247 3577 1366 3648 tuam,

226 3686 292 3768 qui
322 3685 589 3770 euangelinas
619 3687 861 3760 Ierusalem;
891 3683 1035 3761 exalta,
1068 3682 1153 3748 noli
1181 3683 1412 3749 timere!?co

315 3961 330 4012 5
351 3955 383 4010 cf.
402 3956 500 4010 Matth.
521 3958 563 4020 25,
583 3957 618 4012 30
674 3957 707 4011 13
727 3955 760 4010 cl.
781 3956 878 4010 blatth.
898 3955 941 4022 28,
962 3956 994 4010 19
1050 3954 1084 4008 29
1102 3953 1174 4008 Esai.
1193 3952 1237 4016 40,
1257 3953 1273 4006 9

261 4136 437 4192 bobscurum
461 4135 491 4200 V,
511 4150 578 4188 corr.
594 4131 621 4184 ο2
657 4133 715 4187 Sis
734 4133 846 4201 scripsi:
866 4149 893 4186 es
912 4131 944 4196 V,
963 4132 1010 4185 ille
1029 4131 1108 4194 Bar„
1127 4146 1207 4184 onae
1246 4129 1280 4182 12
1295 4129 1367 4198 quis·

227 4228 287 4296 quis
306 4227 333 4298 pt
416 4227 447 4281 13
466 4242 520 4278 uon
539 4222 653 4278 effundit
672 4219 710 4292 p²:
730 4221 921 4277 ineffuuditV
1003 4221 1036 4274 18
1056 4221 1180 4273 effectum
1203 4217 1234 4282 V,
1253 4233 1323 4272 corr.
1342 4214 1368 4286 ρ’

229 4319 261 4370 19
281 4315 440 4386 compressis
459 4317 487 4368 et
506 4313 658 4368 excessibus
682 4312 713 4372 V,
733 4327 802 4366 corr.
823 4309 850 4380 p²
905 4311 939 4364 ‘23
959 4309 1135 4363 didiceremus
1159 4307 1185 4360 V
