3025 4975
484 462 573 533 upra.
593 461 676 518 corr
695 463 711 515 2
731 493 765 501 -
783 460 899 528 ooxm
917 463 941 517 a.
1217 466 1279 531 671

123 661 241 721 tamen
257 660 290 721 et
306 658 426 735 fauore,
447 657 501 740 qui
520 656 729 721 sacrosanctis
743 655 925 721 inferendus
941 660 991 721 est
1005 675 1113 722 eorum
1128 657 1283 738 ecelesiis,

125 770 211 829 tuno
235 764 365 829 demum
389 762 575 845 oportunius
600 765 768 841 statuetur,
794 782 866 827 oum
890 762 1000 847 legati,
1023 782 1103 845 quos
1127 782 1226 847 nuper
1244 764 1284 827 ad

125 890 242 955 regem
260 870 466 955 magnificum
484 868 759 934 Transamundum
780 868 955 933 destinasse
974 870 1145 947 noscimur,
1164 870 1284 935 reuersi

124 978 274 1061 propitia
301 976 469 1042 diuinitate
496 995 685 1059 responsum
708 975 800 1039 nobis
825 975 999 1041 retulerint.
1046 980 1154 1041 uestra
1176 970 1328 1041 autem2

99 1083 298 1149 obeatitudo
331 1102 504 1167 supernum
537 1083 629 1148 nobis
657 1081 852 1165 praesidium
884 1082 1053 1147 indefessis
1086 1084 1283 1149 orationibus

125 1190 296 1274 postulare
319 1190 477 1275 dignetur.
542 1190 625 1254 Data
646 1189 716 1254 XV.
739 1188 813 1253 Kal.
837 1188 988 1254 Decemb.
1009 1188 1283 1273 Constantinopoli

127 1298 250 1363 domno
281 1297 407 1362 Iustino
433 1299 587 1379 perpetuo
619 1296 769 1381 Augusto
804 1306 942 1369 (cons.)
967 1296 1107 1380 Accepta
1129 1297 1184 1361 XI.
1208 1297 1282 1362 Kal.

126 1405 200 1469 Iun.
226 1403 374 1468 Rustioio
398 1421 485 1468 cons.

656 1598 766 1682 (ara.)

89 1748 111 1786 lt
126 1742 292 1786 summu}
310 1740 531 1786 sunausrlouls
552 1740 690 1785 anulum
709 1742 749 1785 ΕΤ
764 1741 915 1787 IOHANNIS
932 1740 1143 1787 sulscorouuu
1161 1740 1280 1785 FELICIS

279 1849 317 1893 ΕΤ
340 1846 486 1893 nroscoul
508 1847 710 1893 nlucououun
732 1848 772 1892 ΕΤ
795 1848 913 1894 susum
935 1846 1137 1893 prassinum.

170 1954 208 2018 In
234 1953 364 2019 ciuitate
387 1954 578 2018 Aulonitana
600 1972 663 2036 quo
688 1954 794 2018 ordine
819 1973 892 2018 oum
916 1953 966 2018 dei
991 1952 1147 2017 adiutorio
1170 1970 1280 2034 perue-

125 2061 235 2124 uimus
260 2064 292 2124 et
314 2060 472 2143 quomodo
496 2079 608 2125 sumus
628 2061 769 2144 suscepti
789 2062 827 2125 ab
848 2060 996 2144 episcopo
1017 2057 1157 2124 ciuitatis
1175 2058 1279 2142 ipsius

126 2175 158 2230 et
177 2166 257 2248 quid
280 2169 330 2231 est
352 2170 460 2232 notum
477 2167 530 2231 uel
550 2165 676 2249 qualem
695 2186 884 2250 responsum
904 2166 1058 2231 dederunt
1077 2170 1109 2232 et
1128 2166 1279 2249 quiahoc

87 2298 109 2337 ιε
126 2274 286 2355 promisit,
319 2280 357 2338 ut
384 2292 457 2337 oum
487 2273 764 2354 metropolitanum
797 2292 891 2337 suum
920 2274 1037 2337 iaceret
1063 2273 1218 2349 libellum,
1246 2273 1277 2336 in

127 2381 190 2444 alia
224 2379 360 2463 epistola
391 2379 583 2444 beatitudini
615 2385 739 2444 uestrae
774 2380 1038 2463 significauimus.
1089 2399 1161 2445 nam
1195 2378 1323 2462 quodi).

126 2486 158 2550 in
188 2486 359 2570 Soampina
387 2486 519 2552 ciuitate
546 2488 669 2551 factum
698 2491 757 2565 est,
791 2486 908 2552 uestris
942 2486 1141 2552 orationibus
1173 2490 1278 2552 tacere

125 2613 187 2659 non
208 2594 386 2659 omisimus.
412 2599 580 2676 antequam
600 2613 657 2658 nos
676 2594 913 2678 ingrederemur
930 2594 962 2658 in
981 2595 1144 2658 ciuitatem
1165 2594 1277 2676 ipsam,

126 2700 318 2765 uenerabilis
356 2699 469 2764 Troius
508 2700 676 2783 episeopus
716 2720 789 2764 oum
823 2721 880 2765 suo
918 2701 1001 2765 clero
1039 2700 1091 2764 uel
1123 2699 1214 2783 plebe
1245 2703 1276 2765 in

83 2838 107 2874 so
126 2825 295 2872 occursum
325 2807 418 2872 nobis
447 2825 595 2890 egressus
624 2810 684 2882 est,
714 2811 746 2871 et
773 2807 932 2889 quomodo
963 2807 1040 2871 deus
1068 2809 1101 2872 iu
1129 2807 1199 2890 ipsa
1227 2809 1277 2873 die

124 2913 313 2977 benedictus
349 2917 400 2978 est
437 2915 468 2977 et
501 2931 582 2994 quae
614 2912 775 2976 festiditas
807 2933 864 2995 per
894 2913 997 2995 ipsius
1037 2913 1189 2994 pietatem
1228 2917 1278 2980 est

124 3021 308 3094 subsecuta,
343 3019 384 3084 ad
416 3019 562 3084 notitiam
596 3021 794 3102 apostolatus
825 3020 926 3084 uestri
959 3019 1135 3087 referimus.
1185 3020 1320 3086 nobis3

122 3127 346 3208 praesentibus
376 3126 429 3190 uel
457 3145 515 3189 suo
541 3126 623 3190 olero
648 3128 680 3189 et
702 3127 866 3191 nobilibus
895 3127 973 3192 uiris
1001 3127 1104 3211 ipsius
1134 3128 1275 3193 ciuitatis

163 3317 177 3369 l
200 3315 289 3370 iabore
313 3315 341 3369 V
392 3317 594 3371 2statueretur
617 3316 649 3378 V,
668 3332 736 3371 corr.
756 3315 784 3366 0²
838 3317 1022 3372 4detularint
1042 3335 1059 3368 α
1113 3320 1275 3374 tconstan-

120 3405 240 3474 tinopoit
261 3405 293 3462 V.
313 3421 382 3460 eorm
403 3424 417 3458 o
472 3405 489 3459 8
508 3423 579 3460 cons.
600 3405 666 3462 aad.
685 3406 792 3459 Baiter.

158 3494 227 3548 218.
298 3494 368 3548 Dat.
389 3510 415 3547 a.
438 3496 728 3548 siracusanum
747 3494 828 3548 Febr.
848 3495 893 3549 uel
911 3495 1022 3550 ineunte
1040 3495 1129 3548 Mart.
1199 3495 1273 3548 Edd.

123 3583 194 3637 Car.
212 3583 241 3636 12
262 3587 335 3650 4895
357 3583 427 3636 Bar.
448 3583 487 3636 ad
506 3601 532 3636 a.
556 3586 616 3647 519,
638 3587 690 3650 34;
717 3583 827 3638 Colleot.
850 3584 970 3652 Couoil.;
991 3585 1070 3638 Toiel
1089 3587 1157 3637 850.
1230 3583 1275 3637 Da

117 3672 338 3740 supyastionibrus
360 3675 417 3726 213
440 3676 465 3725 et
488 3675 545 3725 214
569 3689 716 3739 earumque
739 3679 850 3727 auctore
871 3674 936 3726 uide
959 3689 1029 3741 meae
1053 3672 1191 3726 aduolaui
1208 3672 1273 3725 Bei-

118 3763 203 3828 trripe
213 3778 242 3828 p.
262 3764 303 3814 22
321 3761 387 3815 ado.
407 3765 436 3825 1,·
453 3767 571 3828 utroque
595 3767 653 3814 tam
674 3762 840 3815 inconcinne
858 3763 1055 3815 eminentiorum
1073 3777 1146 3814 nexu
1165 3767 1273 3828 torosque

119 3851 227 3919 apresti
242 3850 403 3918 incultaque
421 3849 533 3904 dicendi
550 3851 661 3904 ratione
677 3851 794 3919 insipuis
813 3857 859 3918 est,
874 3857 976 3904 utnon
990 3857 1084 3904 temere
1098 3849 1273 3917 rnihiseeisse

117 3939 233 4000 uidear,
256 3939 330 4006 quod
354 3939 443 3992 muita
468 3955 539 4006 quaa
560 3940 593 3991 iu
618 3938 737 3992 aliorum
759 3940 883 4007 epistulis
905 3940 1015 3993 unissima
1034 3939 1154 3992 tulissem
1173 3944 1272 3992 contra

113 4026 248 4097 priorum
272 4027 425 4081 editionum
449 4044 550 4081 morem
574 4028 619 4080 hio
642 4044 699 4081 nou
725 4029 814 4081 codici
838 4028 992 4096 deprauato
1017 4029 1065 4081 sed
1082 4029 1137 4096 apsi
1155 4027 1273 4080 attribui

118 4117 242 4170 auctori.
350 4117 384 4170 10
406 4103 454 4170 uri
478 4116 509 4177 V,
533 4133 601 4171 corr.
624 4117 695 4171 Bar.
806 4119 836 4171 11
866 4103 928 4170 nnio
957 4117 982 4170 V
1094 4117 1125 4168 14
1154 4115 1232 4184 quale
1257 4133 1270 4166 u

119 4207 156 4259 15
177 4181 387 4274 metropolitano
407 4221 455 4257 sno
477 4205 542 4260 Car.
626 4205 658 4259 18
678 4207 816 4260 omisimus
841 4205 877 4259 V.-
896 4206 1066 4276 permisimus
1085 4205 1165 4265 Bor..
1184 4203 1270 4255 admi·

116 4297 211 4349 simus
236 4294 279 4348 uei
306 4294 488 4348 commisimus
519 4295 614 4363 Tuscu
641 4313 687 4366 epo
715 4297 798 4350 etiam
825 4297 898 4349 haue
926 4295 1035 4348 dicendi
1063 4293 1271 4362 peruersitatem

116 4383 236 4438 auctori
253 4383 434 4438 adtribuerim

177 4505 258 4546 XXXV
272 4519 326 4556 pm
341 4512 361 4549 2.
1162 4487 1197 4540 43
