3025 4975
193 408 259 472 616
409 402 555 458 Anastasia
573 400 742 465 Honnisdae‚
763 400 948 456 Theodoretns
968 400 1127 455 Honnisdee

471 742 631 787 EXEKPLUI
653 741 826 786 nrlsnonnn
850 740 1063 785 Asnsnnslnn.

238 866 354 913 nonno
379 865 501 913 sineno
520 868 560 911 nr
578 865 763 911 nnamssnro
782 865 877 910 rernm
894 865 1018 910 rnrnuu
1036 862 1211 909 nonmsnun
1231 862 1344 906 nacer-

193 973 344 1020 nrrscono
376 974 565 1019 umnsasaur
602 972 775 1018 nceunsrnn
808 972 1001 1017 nunsunsm.
1052 952 1163 1015 Diuini
1199 950 1343 1015 muneris

192 1061 338 1126 illuxisse
365 1061 457 1127 nobie
487 1061 622 1145 gratiam
652 1058 987 1142 merito'prolitemur‚
1017 1057 1217 1141 apostolatus
1241 1056 1344 1120 uestri
1376 1078 1389 1116 a

192 1168 402 1234 reuerentiam
425 1169 457 1233 in
482 1172 590 1233 sancto
615 1166 709 1231 corde
732 1166 834 1231 nostri
858 1169 964 1231 tenere
987 1164 1172 1229 memoriam
1198 1162 1343 1247 paginali

193 1274 372 1340 adsertione
400 1277 585 1349 noscentem
614 1272 721 1338 ueraci
748 1291 884 1355 namque
914 1290 970 1355 spe
995 1270 1163 1335 confiditur
1185 1288 1343 1353 supernae

192 1380 425 1447 misericordiae
452 1380 710 1463 propitiationem
738 1379 776 1443 de
804 1376 979 1460 pontificali
1007 1376 1233 1441 intercessione
1266 1376 1342 1442 sub-

193 1488 316 1566 sistere,
345 1487 471 1553 domine
499 1487 684 1552 beatissime
713 1490 745 1550 et
774 1484 949 1570 apostolico
983 1484 1101 1548 honore
1135 1481 1342 1566 suscipiende

148 1612 168 1673 2
191 1597 292 1676 pater.
359 1594 532 1679 pemigiles
557 1598 736 1659 uestrarum
761 1592 938 1657 orationum
964 1590 1112 1655 excubiae
1137 1593 1169 1653 et
1196 1588 1343 1653 miranda
1363 1612 1389 1649 ιο

191 1700 449 1765 uictoriosissimi
490 1700 641 1784 principis
682 1699 761 1763 fides
803 1696 969 1781 splendore
1011 1697 1167 1761 catholico
1215 1714 1343 1778 semper

190 1809 343 1875 irradians
368 1808 422 1872 diu
447 1809 614 1891 expetitam
636 1806 846 1872 sacrosanctis
866 1803 1010 1869 ecclesiis
1030 1802 1230 1868 concordiam
1249 1802 1340 1884 pacis

190 1916 343 1991 restituit,
377 1933 473 1997 quam
505 1914 652 1979 omnibus
684 1912 856 1993 triumphis
885 1911 952 1975 suis
981 1909 1174 1975 solidissime
1203 1909 1340 1973 firmatis

190 2022 348 2086 inuictum
379 2022 447 2085 iure
480 2021 600 2085 exultat
630 2019 822 2103 praetulisse
855 2017 1017 2096 uexillum,
1050 2015 1184 2099 ideoque
1212 2015 1341 2079 illibata

192 2132 316 2192 uestrae
343 2126 543 2211 paternitatis
571 2124 780 2189 sanctimonia
807 2142 862 2207 pro
890 2122 1109 2187 incolomitate
1137 2124 1231 2205 atque
1262 2140 1385 2204 pro-1⁵

191 2235 342 2316 speritate
383 2233 538 2315 praedicti
580 2231 687 2296 domni
727 2230 828 2295 nostri
868 2229 1009 2313 Augusti
1050 2231 1126 2293 uota
1166 2246 1341 2310 precesque

192 2340 402 2423 omnipotenti
426 2340 483 2404 deo
509 2339 618 2404 offerre
640 2338 833 2403 indesinenti
857 2334 1092 2402 continuatione
1116 2336 1276 2418 persistat,
1302 2340 1341 2399 ut

190 2447 382 2512 ineffabilem
409 2449 571 2511 tantorum
598 2446 754 2511 bonorum
783 2444 927 2529 gratiam,
957 2462 1052 2527 quam
1080 2442 1149 2524 ipse
1177 2442 1238 2525 piis
1267 2442 1340 2506 eius

190 2554 338 2621 sensibus
361 2554 540 2638 inspirauit,
566 2553 603 2618 ad
628 2554 753 2618 futurae
778 2571 904 2634 quoque
928 2549 1136 2615 beatitudinis
1159 2550 1339 2632 profectum

144 2677 164 2739 3
190 2681 377 2727 conseruare
406 2661 563 2745 dignetur.
593 2661 707 2724 domno
737 2661 832 2724 etiarn
856 2659 957 2743 iugali
981 2657 1046 2722 filio
1070 2657 1178 2721 uestro
1203 2658 1235 2720 et
1258 2657 1341 2720 milri
1360 2679 1387 2718 20

188 2768 342 2852 peculiari
369 2767 496 2832 cultrici
522 2771 649 2832 uestrae
678 2787 750 2832 cum
780 2767 902 2842 subole,
936 2783 1032 2847 quam
1064 2763 1155 2828 nobis
1190 2762 1339 2828 dominus

190 2875 304 2939 donare
338 2874 488 2959 dignatus
521 2877 580 2950 est,
614 2894 632 2938 a
663 2876 771 2938 uestro
805 2871 992 2955 pontificatu
1025 2871 1124 2935 oratio
1158 2869 1342 2954 benigniter

188 2980 397 3064 impendatur,
418 2982 509 3046 euius
530 2980 799 3065 suffrag<at>ione
819 2979 920 3044 diuini
938 2976 1057 3044 fauoris
1072 2976 1228 3058 protectio
1244 2976 1339 3042 nobis

189 3087 361 3151 clementer
383 3088 532 3170 adspiret.

224 3278 291 3333 165.
345 3278 608 3345 Dat.utep.160.
679 3277 756 3334 Edu.
778 3275 842 3330 Gar.
862 3275 893 3330 1²
914 3279 985 3341 4983
1004 3276 1074 3330 Bar.
1096 3275 1135 3330 ad
1154 3293 1180 3329 a.
1203 3278 1264 3338 519,
1287 3277 1341 3340 69;

192 3366 301 3422 Collect.
323 3367 440 3428 Concil.;
464 3367 632 3420 Tetricos.
723 3368 742 3418 4
764 3365 925 3419 uniuersalis
946 3383 968 3432 o,
991 3365 1040 3419 sed
1057 3366 1091 3433 cf.
1112 3365 1151 3419 acl
1169 3381 1200 3432 p.
1222 3366 1284 3429 674,
1304 3365 1341 3415 19

189 3458 206 3508 6
225 3458 380 3510 reuerencin
403 3455 434 3519 V,
454 3471 522 3512 corr.
543 3453 570 3525 p²
678 3456 693 3508 7
713 3454 872 3510 confidimus
890 3455 963 3509 Bar.
1073 3455 1103 3507 ll
1125 3451 1283 3522 splenderae
1308 3450 1343 3524 V,

188 3560 258 3600 corr.
278 3543 306 3596 0²
396 3545 429 3599 13
448 3543 613 3614 solidissime
636 3544 660 3598 V
751 3546 785 3598 14
804 3543 964 3614 praetulisse
983 3543 1092 3610 sumpsi:
1117 3541 1280 3612 praecolisse
1306 3539 1339 3601 V,

188 3635 369 3704 praecoluisse
390 3634 464 3699 Can,
483 3649 537 3701 quo
555 3640 663 3702 recepto
681 3633 785 3687 inuicto
798 3630 931 3686 ..uexillo
956 3631 1035 3684 Tbe'el
1110 3631 1143 3684 18
1162 3633 1283 3683 tatorum
1306 3628 1338 3682 V·

187 3738 258 3778 corr,
282 3740 300 3773 α
353 3722 418 3775 ,23
441 3720 635 3790 suffragatione
658 3721 770 3790 scripsi:
796 3719 953 3788 sufragione
982 3717 1013 3784 V,
1040 3718 1206 3787 suffragiop
1297 3717 1339 3772 fa·

188 3811 264 3866 boris
287 3810 314 3864 V
