3025 4975
171 378 175 383 ’
213 377 278 441 602
446 373 591 428 Hormisda
609 372 776 438 Theodosio;
795 372 941 427 Hormieda
959 372 1126 443 Euphemiae

213 570 328 634 seriem
367 568 453 641 <ad>
493 567 697 633 correctionis
728 567 912 651 peruenisse
947 588 980 633 se
1013 570 1172 633 testentur
1204 567 1363 632 effectum.

168 684 188 747 3
212 680 302 759 patet
324 675 520 741 uenerandae
544 676 598 741 nia
620 674 816 753 concordiae,
841 678 951 739 notata
974 678 1050 739 suut
1073 676 1202 756 optatae
1225 674 1365 739 remedie

214 783 376 847 sanitatis:
402 782 592 859 sacerdotes,
617 784 672 864 qui
697 782 884 847 catholicam
904 800 1015 864 paoem
1035 782 1225 859 desiderent,
1244 781 1364 863 proles-

214 890 335 954 sionem
360 889 551 954 catholicam
574 907 635 953 non
660 890 819 954 recusent.
848 908 908 953 non
933 888 1016 953 enim
1041 907 1122 972 opus
1147 892 1196 953 est
1218 888 1363 971 partibus

213 1016 349 1061 emonem
373 996 490 1080 corrigi
515 995 571 1061 sed
594 995 747 1061 radicitus
777 995 944 1077 amputari.
973 995 1114 1061 insistite
1141 995 1249 1079 igitur,
1279 994 1365 1059 sicut
1397 1013 1410 1054 s

212 1102 375 1185 coepistis,
403 1105 441 1167 ut
469 1120 589 1167 merces
614 1102 699 1185 apud
721 1102 816 1167 deum
840 1104 959 1179 uestra,
989 1120 1068 1185 quoe
1093 1100 1132 1165 de
1155 1101 1230 1165 boni
1259 1101 1363 1182 operis

209 1208 411 1273 inchoatione
436 1210 533 1274 habet
553 1208 692 1286 initium,
712 1208 750 1272 de
769 1208 961 1291 perfectione
976 1210 1187 1290 consequatur
1201 1206 1361 1271 effectum.

169 1324 190 1387 4
213 1315 351 1380 animum
373 1315 500 1397 quidem
515 1318 659 1380 uestrum
675 1316 771 1379 telem
786 1316 886 1379 missa
901 1314 940 1379 ad
959 1334 1016 1381 nos
1034 1317 1194 1381 testantur
1212 1314 1362 1397 alloquin,

211 1425 249 1487 ut
285 1422 326 1487 ad
361 1422 590 1505 plenitudinem
628 1422 703 1487 boni
735 1421 891 1504 propositi
924 1441 985 1487 non
1018 1424 1157 1487 multum
1189 1421 1363 1505 indigeatis

211 1530 359 1595 hortatu:
391 1527 492 1593 nostri
524 1530 631 1593 tamen
664 1527 814 1593 desiderii
847 1548 894 1607 ea,
923 1547 1003 1611 quae
1031 1548 1121 1611 spem
1154 1528 1251 1603 dedit,
1280 1527 1362 1592 ratio
1383 1546 1409 1584 ro

212 1636 350 1719 emplius
374 1634 519 1699 accendit
542 1634 683 1698 ardorem
707 1638 740 1699 et
763 1634 889 1700 auidius
914 1635 1029 1719 gaudia
1052 1635 1178 1717 impleri
1202 1635 1362 1717 cupimus,

213 1761 293 1826 quae
309 1741 507 1806 instanciam
526 1740 681 1805 diuinitus
702 1741 899 1805 arbitramur.
919 1741 992 1806 hinc
1010 1751 1111 1819 <est>‚
1132 1741 1217 1825 quod
1231 1741 1363 1805 beatum

211 1850 344 1914 Petrum
378 1850 559 1932 apostolum
592 1847 707 1913 cotidie
737 1848 925 1931 suppliciter
954 1849 1169 1925 obsecramus,
1192 1850 1231 1913 ut
1257 1848 1362 1925 uobis,

211 1976 268 2038 per
295 1974 375 2037 quos
408 1955 561 2039 integrari
593 1954 736 2020 membra
767 1974 825 2019 sun
853 1958 963 2020 sancta
989 1956 1053 2020 iam
1077 1958 1183 2038 sperat
1215 1954 1362 2030 eeclesia,

169 2071 188 2133 5
212 2065 246 2126 et
267 2062 415 2126 effectum
439 2063 517 2127 dens
547 2062 680 2126 celerem
704 2064 738 2125 et
761 2061 897 2127 salutem
921 2062 1041 2127 tribunt
1068 2062 1254 2146 longiorem.
1302 2077 1362 2123 nos
1382 2080 1407 2119 n

212 2168 341 2249 quidem
369 2168 485 2232 uestris
517 2167 631 2232 animis
660 2168 873 2250 obsequentes
901 2168 988 2233 uiros
1018 2168 1189 2233 direximus
1219 2166 1258 2231 ad
1287 2166 1361 2232 soli-

213 2274 347 2339 dandam
371 2276 431 2340 snh
455 2275 649 2356 apostolicae
673 2274 894 2358 dispositionis
919 2276 1115 2341 ordinatione
1140 2275 1359 2341 concordiam:

212 2385 356 2446 uestrum
387 2384 446 2459 est,
471 2386 508 2447 ut
532 2381 617 2445 sicut
639 2402 696 2445 nos
720 2383 821 2446 bonae
849 2382 1017 2447 intentioni
1046 2382 1158 2447 deesse
1186 2380 1360 2455 noluimus,

168 2491 257 2569 fiita
285 2508 339 2554 eos
363 2489 404 2554 ad
430 2509 487 2554 nos
525 2492 671 2570 optatum
702 2491 817 2554 referre
850 2489 975 2554 facialis
1012 2490 1172 2555 effectum.
1241 2507 1360 2552 munus

211 2598 355 2660 uestrum
378 2595 556 2661 ueneranda
580 2597 717 2661 sacraria
739 2600 965 2679 susceperunt:
995 2597 1078 2679 quod
1104 2596 1241 2678 amplius
1265 2595 1360 2660 heato
1379 2617 1405 2654 oo

210 2704 305 2768 Petro
329 2705 472 2786 apostolo
495 2703 621 2768 facietis
645 2703 819 2785 acceptius,
844 2703 871 2767 si
890 2721 946 2786 per
964 2721 1023 2768 uos
1044 2705 1184 2786 optatam
1206 2701 1361 2766 ecclesiae

211 2810 388 2892 receperint
410 2810 575 2875 unitatem.

257 3147 414 3192 nomrson
445 3144 618 3191 rnaooosro
647 3143 885 3198 nncnrorscouo
916 3143 1292 3190 cousnnnrruoeourrnno
1322 3143 1363 3189 nr

214 3252 375 3298 unrunasrs
401 3251 585 3296 onanomcrs
608 3253 632 3296 n
653 3252 739 3298 enar.
824 3231 950 3297 Gratias
975 3231 1209 3296 misericordiae
1234 3230 1364 3297 diuinae
1383 3261 1407 3299 rs

215 3359 432 3440 competenter
469 3356 680 3434 exsoluimus,
718 3375 799 3438 quae
832 3356 926 3420 fidem
959 3360 1099 3420 uestram
1133 3357 1186 3421 diu
1219 3356 1364 3421 laborare

215 3484 275 3529 non
303 3483 398 3545 passa
426 3466 484 3528 est.
514 3481 586 3527 nam
615 3466 742 3545 tempus
773 3463 915 3527 oblatum
940 3467 998 3540 est,
1029 3482 1090 3546 quo
1121 3463 1216 3540 lilios,
1240 3463 1363 3528 milites

732 3002 840 3086 (155.)

1502 3203 1503 3246 r

1502 3255 1503 3302 l

1502 3305 1503 3364 1

1502 3365 1503 3420 l

1502 3425 1503 3460 l

215 3590 311 3648 suos,
363 3569 520 3633 catholice
571 3587 755 3651 recuperare
800 3570 904 3652 possit
945 3570 1089 3635 ecclesia.
1147 3587 1227 3651 quae
1279 3570 1365 3634 enirn

252 3839 321 3892 led
339 3839 456 3893 emeruit
474 3838 501 3890 οἳ
572 3842 709 3892 testantur
732 3839 763 3903 V,
783 3855 852 3894 corr.
873 3837 900 3908 p²
963 3841 1097 3909 ‘luotap
1152 3839 1318 3909 decepistis
1343 3838 1370 3892 V

216 3927 417 3995 9indulgeatis
442 3927 472 3990 V,
492 3943 562 3984 corr.
581 3929 609 3980 o²
664 3928 697 3981 10
717 3928 804 3982 oratio
823 3929 893 3981 Bar.
951 3928 984 3980 12
1004 3931 1046 3980 est
1065 3927 1130 3983 add.
1151 3927 1178 3980 o²
1234 3929 1267 3982 14
1287 3945 1365 3982 sanc-

216 4020 273 4068 tem
297 4016 329 4080 V,
348 4033 417 4072 corr.
436 4015 463 4068 ο2
519 4018 551 4072 15
571 4018 702 4072 caelerem
726 4017 752 4068 V
804 4018 839 4070 ’22
859 4016 1004 4086 reciperint
1027 4016 1053 4068 V

251 4105 319 4161 los.
373 4106 442 4160 Dat.
461 4111 493 4159 ot
511 4122 551 4174 ep.
570 4109 634 4160 148.
707 4105 782 4161 Edd.
805 4104 919 4160 Oar.1²
939 4108 1012 4171 m,-
1029 4106 1100 4159 Bor.
1121 4105 1160 4160 ad
1178 4123 1205 4161 o.
1228 4109 1292 4167 519,
1312 4108 1365 4170 23,-

220 4193 328 4250 coueo.
348 4195 467 4262 catoris
484 4195 565 4248 arar
584 4196 605 4247 r
622 4199 690 4261 rm,-
711 4195 792 4248 ruoz
811 4197 879 4248 ere.
947 4194 981 4246 ac
1001 4177 1068 4248 erni
1088 4194 1115 4248 V
1179 4194 1213 4248 ar
1233 4194 1305 4246 finos
1329 4192 1366 4246 V:

217 4283 285 4337 fidos
305 4283 375 4338 Bar.
