3025 4975
461 472 548 541 Epist.
568 470 652 527 CLVI
669 472 687 525 3
706 503 740 511 -
761 470 873 527 CLVIII
892 472 918 527 4.
1189 476 1253 540 605

119 685 168 748 per
188 686 264 749 quos
289 666 531 749 amplitudinem
553 670 695 731 uestram
718 666 843 731 debitae
862 668 1057 731 reuerentiae
1077 667 1253 732 salutamus

121 772 224 851 officio,
246 773 459 855 postulantes,
482 776 520 839 ut
541 792 598 857 pro
622 774 858 839 ecclesiasticae
888 773 1153 858 redintegratione
1182 792 1253 839 con-

121 879 231 943 cordiae
253 882 400 945 uestmm
422 879 563 944 laborem
586 882 680 961 atque
705 899 834 963 operam
857 898 919 945 non
940 879 1074 965 uegetis,
1094 883 1252 963 quatenus

121 1005 183 1050 cum
205 986 343 1069 repulsis
365 985 561 1069 remotisque
583 986 644 1063 his,
670 1005 749 1069 quos
773 986 967 1070 apostolieae
987 987 1071 1053 sedis
1091 986 1255 1053 damnauit

97 1093 291 1170 sanctontas,
330 1092 370 1157 ad
407 1111 512 1170 unam,
551 1111 631 1175 quae
662 1096 751 1157 recta
784 1097 842 1172 ast,
877 1094 1130 1159 communionem
1162 1094 1253 1177 plebs

121 1198 287 1264 Christiana
309 1199 448 1277 redierit,
467 1199 598 1265 beatum
620 1200 752 1265 Petrum
777 1200 967 1282 apostolum,
995 1219 1051 1282 pro
1076 1200 1168 1266 cuius
1190 1199 1254 1264 fide

121 1304 249 1383 nitimur,
272 1305 304 1369 in
329 1305 447 1371 uestris
470 1306 585 1372 habere
608 1306 741 1390 possitis
765 1307 891 1372 actibus
915 1306 1101 1373 adiutorem.

628 1499 737 1584 (158.)

193 1642 358 1689 moremus
383 1643 463 1699 eurr
485 1644 692 1689 accersatur
712 1645 828 1689 raonrr
848 1644 960 1691 uosrru
980 1644 1033 1701 our
1052 1644 1162 1691 susan.
1262 1680 1269 1695 .

88 1768 108 1806 a
158 1745 233 1813 Cum
246 1747 307 1813 deo
320 1747 457 1831 propitio
468 1752 573 1833 partes
584 1748 760 1814 Orientales
775 1749 900 1815 fueritis
914 1749 1060 1834 ingressi,
1076 1748 1104 1813 si
1120 1749 1175 1831 qui
1190 1748 1254 1833 epi-

122 1854 298 1937 scopinobis
308 1856 502 1921 occurrerint
512 1859 546 1921 et
554 1856 709 1934 libellum,
718 1856 812 1921 cuius
821 1855 1252 1939 continentiampercepistis,

122 1979 187 2026 ase
208 1962 425 2045 subscriptum
452 1964 562 2027 offerre
584 1962 756 2041 noluerint,
786 1963 940 2046 suscipite
968 1962 1078 2045 eisque
1105 1963 1252 2045 praebete

122 2072 235 2134 sanctae
248 2070 480 2135 communionis
494 2070 701 2137 consortium.
747 2070 775 2135 si
795 2089 871 2136 uero
891 2073 1093 2136 occurrentes
1112 2070 1254 2154 episcopi
1278 2060 1297 2123 2

122 2194 162 2253 eo,
184 2194 242 2258 quo
266 2176 416 2260 superius
443 2176 591 2257 diximus,
619 2176 727 2243 ordine
753 2176 895 2259 profiteri
923 2176 1093 2255 noluerint,
1117 2196 1136 2241 a
1158 2176 1252 2243 uobis

88 2302 108 2343 a
122 2281 252 2364 equidem
276 2284 336 2348 sub
361 2283 550 2349 sacerdotali
573 2283 738 2349 affectione
757 2285 943 2362 tractentur,
963 2283 1020 2348 sed
1037 2302 1140 2365 neque
1159 2283 1252 2349 uobis

123 2387 159 2452 sit
187 2408 256 2453 cum
287 2390 340 2454 his
372 2408 482 2455 mensa
513 2390 827 2474 communioneque
860 2390 898 2455 ab
931 2390 982 2455 his
1014 2391 1069 2455 uel
1100 2389 1254 2456 uictualia

121 2497 317 2577 praesumatis
358 2498 501 2580 accipere
541 2497 602 2563 nisi
638 2501 764 2564 tantum
806 2497 1058 2576 subnectionem,
1092 2497 1120 2564 si
1157 2517 1254 2563 causa

121 2602 297 2686 poposcerit,
321 2606 354 2668 et
375 2602 640 2685 hospitalitatem,
662 2623 702 2670 ue
726 2603 855 2669 credant
877 2622 911 2668 se
936 2603 1062 2669 omnino
1085 2603 1253 2670 fastidiose

123 2707 284 2791 despectos.
331 2728 406 2774 cum
420 2713 527 2775 autem
542 2709 849 2794 Constantinopolim
866 2710 924 2776 deo
939 2709 1070 2775 iuuante
1089 2711 1252 2790 ueneritis,
1276 2705 1296 2766 3

88 2838 109 2876 a
121 2815 150 2880 in
161 2835 195 2881 ea
206 2819 375 2895 succedite,
391 2838 486 2901 quam
499 2816 672 2900 imperator
684 2817 875 2900 praebuerit,
896 2816 1059 2882 mansione
1079 2819 1112 2882 et
1128 2818 1253 2882 nullum

123 2922 158 2986 ad
186 2924 406 2989 salutationem
433 2926 575 2988 nestram
601 2923 690 3005 prius
717 2921 912 3005 permittetis
941 2921 1090 2988 accedere
1114 2922 1252 3005 exceptis

123 3027 175 3106 his,
203 3049 280 3114 quos
311 3031 381 3114 ipse
412 3030 538 3095 miserit
562 3029 735 3113 imperator
763 3030 820 3095 aut
847 3048 927 3111 quos
955 3031 1082 3094 nostrae
1110 3049 1253 3096 commu·

23 3191 24 3208 ,
123 3135 211 3202 uiouis
246 3156 317 3204 esse
354 3135 560 3221 cognoscitis,
603 3137 702 3202 donec
744 3136 851 3219 ipsum
889 3134 1064 3218 principem
1105 3135 1252 3205 uideatis.

125 3242 167 3306 cui
186 3244 373 3326 praesentati
397 3244 574 3310 salutantes
597 3243 721 3308 litteras
744 3244 871 3308 nostras
895 3242 1016 3319 offerte,
1045 3247 1253 3326 suggerentes
1276 3243 1297 3306 4

90 3369 110 3410 a
124 3367 258 3434 maguum
279 3370 339 3417 nos
364 3349 402 3416 de
425 3349 494 3416 ains
517 3350 651 3433 imperio
675 3349 829 3434 gaudium
858 3348 1040 3433 percepisse
1064 3351 1096 3414 et
1118 3349 1253 3414 nimium

124 3457 269 3537 gratulari,
292 3457 379 3540 quod
402 3476 475 3522 eum
499 3456 578 3522 deus
598 3456 796 3539 omnipotens
816 3455 856 3520 ad
874 3456 935 3522 hoc
952 3455 1040 3520 iuxta
1058 3455 1126 3520 eius
1147 3473 1253 3520 sacras

122 3559 231 3630 litteras
252 3601 267 3632 .
285 3601 318 3643 .,
346 3566 384 3628 ut
406 3561 583 3628 secundum
610 3581 657 3642 ea,
681 3580 762 3644 quae
786 3564 862 3626 sunt
886 3561 925 3626 ab
949 3561 1143 3644 apostolicae
1167 3561 1253 3626 sedis

150 3849 207 3905 158.
260 3849 409 3904 Indicetes
431 3847 516 3902 dmua
540 3847 678 3902 Germano
702 3847 828 3901 Iohanni
851 3852 899 3902 etc.
923 3861 983 3900 cum
1008 3861 1067 3914 epp.
1091 3847 1252 3913 rus-150,

120 3939 174 3999 152,
192 3941 255 4002 153,
274 3941 426 3991 155-157
444 3953 471 3990 a.
493 3940 547 3990 519
563 3936 651 3991 medio
669 3935 716 3990 secl
733 3941 852 3990 extremo
871 3949 960 3989 mense
978 3933 1042 3987 lca.
1057 3933 1152 3988 urbem
1165 3935 1251 3989 relia-

120 4027 257 4090 parom.
330 4025 405 4081 Edd.
429 4024 638 4093 Car.1²482;
660 4027 730 4080 Bur.
751 4024 791 4078 ad
810 4041 836 4078 a.
859 4027 920 4086 519,
942 4025 976 4090 3,·
1001 4021 1110 4076 Collect.
1133 4021 1252 4090 Concil.,·

120 4113 190 4170 BTA
207 4117 227 4172 I
243 4119 313 4183 415,-
333 4115 415 4169 I'ltiel
433 4117 500 4170 838.
563 4115 580 4169 9
600 4131 781 4168 rsnrtucunun
806 4111 833 4177 V,
853 4128 922 4168 corr.
943 4113 970 4164 ui
1041 4127 1205 4166 ncorrrsurrr
1230 4113 1256 4166 V

122 4202 150 4256 15
168 4208 336 4260 trunctoutur
363 4203 390 4258 V
486 4203 520 4258 18
543 4203 713 4273 ospitalitate
741 4202 773 4267 V,
798 4217 867 4258 corr.
893 4219 906 4252 o
1007 4201 1041 4254 19
1065 4199 1201 4270 dispectos
1230 4201 1257 4256 V

122 4289 151 4343 20
165 4294 297 4347 mansione
315 4294 382 4362 fort.
400 4308 458 4346 raa.
478 4308 512 4347 ec
528 4291 668 4345 mansione
688 4307 757 4345 corr.
783 4289 809 4343 V
846 4291 878 4344 21
900 4289 1053 4360 permitatis
1078 4287 1104 4342 V
1148 4289 1182 4344 26
1201 4289 1253 4346 hoc

124 4377 232 4434 (cuerit)
252 4383 328 4436 iuxta
345 4382 431 4450 Bar,
447 4397 493 4452 epo
512 4381 643 4436 hecnam
655 4386 722 4449 poet
739 4379 846 4433 litteras
865 4377 994 4432 indicaui
1061 4377 1095 4432 27
1115 4393 1199 4448 eaque
1223 4378 1251 4433 V
