3025 4975
229 464 295 527 554
528 458 673 514 Horruisda
691 458 830 513 Dorotheo
849 456 1083 511 'thessalonicensi

228 658 371 734 recolite,
410 675 504 739 quam
544 656 681 720 scelesta
716 656 794 719 tunc
830 653 928 719 fuerit
964 652 1126 718 Timothei
1167 654 1377 737 cognomento

229 764 341 840 lllluri,
367 782 461 847 quarn
481 761 647 845 impudens
668 764 701 826 et
717 763 921 826 monstruosa
944 761 1221 843 <praesumptis
1241 762 1379 841 quantus

229 871 325 936 etiam
349 888 405 951 per
427 869 613 933 uniuersum
637 868 745 933 orbem
767 867 842 932 fidei
865 886 900 933 se
923 871 1049 932 uestrae
1071 867 1178 933 feruor
1195 865 1379 931 ostenderit.

186 976 206 1037 4
230 976 377 1060 probauit
399 977 477 1040 tunc
502 974 873 1057 Constantinopolitanus
892 975 1041 1057 populus,
1059 992 1155 1056 quam
1172 992 1251 1056 pure
1270 971 1383 1037 deceat

230 1083 393 1149 credentes
422 1080 601 1147 Christiana
630 1100 756 1147 seruare
783 1081 943 1164 mysteria.
979 1079 1034 1144 sed
1067 1082 1227 1145 transacta
1258 1078 1382 1143 utinam
1409 1100 1423 1139 s

231 1189 339 1254 studia
366 1188 505 1254 fuissent
529 1190 561 1253 et
583 1208 644 1253 uon
668 1206 752 1252 nuuc
776 1187 894 1252 similia
916 1191 1045 1269 tempus
1070 1189 1246 1267 expeteret!
1271 1205 1382 1250 rursus

231 1295 315 1361 enirn
343 1296 428 1361 idom
456 1294 608 1359 haeretici
637 1297 737 1377 caput
760 1293 942 1377 improbum
970 1292 1009 1357 de
1037 1292 1205 1376 profundo,
1234 1312 1296 1375 quo
1323 1292 1383 1356 inr-

188 1410 206 1473 5
230 1403 328 1467 mersi
356 1401 555 1478 tenebantur,
585 1401 748 1465 attollunt.
777 1404 873 1482 atque
896 1400 967 1464 ideo
991 1419 1069 1484 rogo
1093 1399 1204 1464 hortor
1228 1399 1383 1464 admoneo

231 1506 433 1573 dilectionem
460 1511 618 1572 uestram:
648 1508 687 1572 ab
717 1526 826 1572 eorum
854 1526 913 1573 uos
937 1506 1082 1571 conciliis
1107 1508 1140 1571 ct
1162 1505 1384 1571 communione

231 1615 395 1692 secernite,
423 1614 631 1679 recordamini
660 1614 721 1679 zeli
747 1614 861 1697 prioris
889 1616 923 1677 et
950 1614 1060 1677 uiuere
1089 1612 1121 1677 in
1151 1612 1244 1678 uobis
1266 1612 1384 1688 lucem,
1403 1634 1429 1672 ιο

232 1720 405 1786 scintillam
437 1722 522 1806 ignis
555 1720 708 1805 spiritalis
742 1720 911 1797 ostendite,
945 1739 983 1784 no
1017 1719 1197 1802 simplicem
1228 1719 1260 1783 in
1288 1717 1385 1783 uobis

231 1827 376 1892 dentatis
406 1828 553 1893 affectum
581 1828 777 1911 perditorum
803 1828 922 1892 astutia
944 1845 1143 1910 expugnasse
1171 1845 1206 1891 se
1235 1824 1383 1910 gaudeat·

188 1937 265 2006 6et
300 1934 379 1998 haec
416 1934 544 2015 quidem
581 1936 735 2016 quantum
774 1932 814 1996 ad
849 1936 1046 2016 praesentem
1085 1931 1309 1996 necessitatem
1352 1934 1387 1995 et

231 2038 459 2105 adsumendum
488 2042 597 2104 contra
623 2040 740 2121 impios
765 2040 945 2104 caut-ionem
970 2039 1090 2104 dixisse
1116 2037 1266 2105 sufficiet.
1290 2057 1384 2120 spero

232 2150 349 2224 autem,
377 2146 463 2227 quod
492 2148 519 2211 si
548 2147 721 2212 admonitio
749 2147 814 2211 ista
840 2146 1045 2228 promouent,
1075 2145 1210 2211 etmihi
1233 2145 1430 2209 etuobisrs

232 2254 321 2317 utilis
352 2254 422 2331 erit,
452 2252 576 2336 qnando
607 2255 640 2318 et
667 2253 746 2317 deus
774 2253 805 2316 in
835 2256 944 2317 uestra
971 2253 1075 2317 salute
1099 2251 1329 2336 glorificabitur
1352 2255 1385 2315 et

232 2360 355 2424 fructus
392 2363 518 2423 nostrae
557 2359 781 2425 sollicitudinis
820 2358 993 2442 apparebit.
1063 2359 1146 2422 Data
1184 2358 1243 2422 III.
1273 2358 1382 2423 Nonas

232 2466 358 2550 Apriles
382 2467 519 2552 Agapito
545 2485 631 2532 cons.

776 2660 883 2744 (naa.)

276 2803 431 2848 nonnrsnn
469 2803 631 2850 nouoruro
669 2803 821 2849 nerscoro
860 2803 1157 2850 rnnssanourcnnsr.
1226 2785 1382 2850 lohannes
1401 2809 1430 2848 oo

232 2889 328 2955 frater
355 2894 387 2956 et
415 2892 622 2973 coepiscopus
651 2911 741 2956 meus
770 2891 1012 2974 Nicopolitauac
1035 2891 1124 2956 urbis
1148 2891 1283 2956 antistes
1308 2910 1381 2955 cnm

232 2997 351 3081 syuodo
376 3017 435 3062 sua
457 2999 555 3063 uariis
579 3017 613 3063 se
639 2999 900 3064 concussionibus
925 3001 1020 3081 atque
1044 2999 1218 3082 dispendiis
1242 2998 1383 3083 grauiter

233 3107 383 3168 causatur
418 3105 526 3190 afiligi,
565 3106 650 3188 quod
687 3127 705 3170 a
741 3109 1012 3191 transgressorum
1049 3106 1201 3170 societate
1244 3105 1381 3184 diuisus,

231 3213 400 3294 postquam
430 3213 684 3276 communionem
714 3213 908 3294 apostolicae
936 3212 1021 3276 sedis
1050 3212 1194 3290 emeruit,
1219 3212 1259 3276 ad
1281 3211 1382 3276 Thes-

233 3318 479 3382 salonicensium
508 3317 674 3384 ecclesiam
700 3319 906 3384 ordinationis
930 3338 1007 3384 suae
1030 3319 1148 3384 indicia
1170 3337 1233 3383 non
1257 3318 1380 3385 direxit.
1400 3342 1428 3383 ss

189 3438 208 3498 2
232 3424 393 3507 potuisset
419 3425 584 3509 neglectus
613 3425 664 3489 hic
694 3445 764 3490 esse
793 3426 972 3508 culpabilis,
1002 3427 1029 3490 si
1057 3445 1156 3490 nuum
1184 3429 1271 3490 esset
1297 3426 1382 3490 inter

233 3549 342 3595 omnes
370 3531 556 3614 mysterium
585 3531 735 3598 caritatis.
765 3535 798 3597 at
826 3551 899 3597 cnm
926 3533 1020 3598 multi
1050 3553 1084 3598 se
1108 3551 1126 3596 a
1148 3534 1255 3616 petrae
1277 3531 1381 3608 illius,

233 3655 313 3718 qnae
347 3636 493 3702 Christus
526 3642 585 3717 est,
619 3639 781 3704 soliditate
815 3639 992 3717 mulserint,
1026 3640 1098 3722 quis
1131 3658 1192 3703 non
1226 3637 1308 3702 uelit
1340 3639 1382 3703 ab

270 3759 282 3812 l
303 3760 386 3828 culpo
405 3775 462 3813 acu
481 3766 546 3814 autc
563 3761 612 3816 aad
628 3766 690 3830 post
708 3762 820 3815 recolite
830 3762 944 3830 plenius
956 3764 1188 3831 interpunuaruut
1241 3761 1381 3830 iimpru-

233 3845 299 3901 dens
323 3846 354 3914 V,
374 3863 443 3902 corr.
464 3847 491 3918 p²
570 3853 753 3920 praesumptio
774 3849 812 3920 p²z
832 3852 952 3920 sumpcio
977 3851 1003 3904 V
1054 3850 1177 3920 lcapud
1199 3849 1226 3903 V
1277 3850 1381 3903 ilcou-

232 3934 301 3988 siliis
324 3935 387 3990 Gor.
444 3936 474 3989 11
496 3937 627 3990 sintillum
651 3938 677 3991 V
730 3938 764 3991 12
783 3938 887 3991 astucia
910 3939 941 4003 V,
961 3955 1064 3993 coras
1120 3941 1154 3993 14
1172 3937 1292 3991 sufficiat
1313 3937 1381 3992 Cur.

234 4024 266 4078 18
286 4024 379 4094 aprilis
404 4024 430 4076 V

267 4113 329 4168 183.
401 4114 470 4168 Dat.
496 4114 591 4180 (simad
615 4131 675 4168 cum
699 4131 756 4184 epp.
781 4119 845 4182 127,
870 4121 934 4178 134,
960 4121 1030 4183 135)
1056 4134 1081 4172 a.
1109 4119 1164 4170 517
1186 4115 1231 4170 die
1252 4119 1289 4169 12
1306 4115 1379 4184 Apr.

231 4202 305 4256 Edd.
329 4202 399 4259 Bur.
424 4201 464 4256 ad
487 4221 511 4257 a.
540 4205 602 4266 517,
629 4207 682 4272 39;
708 4205 817 4259 Collect.
845 4205 962 4271 Coucil.;
984 4206 1067 4260 Bra
1086 4208 1107 4261 I
1123 4207 1199 4273 4055
1220 4204 1299 4259 ssiat
1318 4209 1377 4259 811.

232 4292 264 4344 21
291 4292 399 4344 artistes
428 4291 459 4357 V,
483 4307 585 4345 cerac
676 4295 710 4346 24
734 4294 987 4348 tessalonicensiunr
1012 4295 1037 4347 V
1124 4296 1159 4350 28
1178 4293 1329 4353 ealliditate
1355 4294 1382 4348 V

233 4379 358 4433 diniscrit
382 4379 413 4444 V,
434 4395 502 4433 corr.
524 4398 537 4448 p
