3025 4975
545 432 633 505 epse.
654 432 728 489 orn
748 436 764 489 a
784 466 818 477 -
837 433 898 489 cur
918 436 942 489 r.
1246 434 1310 499 sor

167 631 333 695 domiuum
356 635 499 697 nostrum
518 630 568 695 lris
589 632 713 695 constat
731 630 935 711 praedicasse
953 627 1119 711 discipulis
1139 627 1313 693 dicentem:

168 757 298 822 pacem
322 758 437 802 meam
463 726 506 801 do
531 737 656 813 uobis.
680 756 810 819 pacem
834 735 1009 819 relinquo
1037 734 1158 800 uobis.
1220 753 1314 816 quam
1338 732 1360 796 4

164 865 227 910 uos
250 844 394 929 religiosi
419 864 493 909 cura
516 843 672 927 propositi
695 843 822 908 domino
847 842 1027 925 adspirante
1049 841 1254 925 prouidentes
1278 841 1316 905 de

164 953 360 1017 orthodoxae
385 950 550 1017 concordia
573 950 724 1034 cogitatis
748 950 900 1014 eeclesiae
919 950 950 1013 in
971 948 1056 1013 beati
1075 947 1213 1031 apostoli
1229 946 1317 1012 Petri

123 1079 152 1119 a
170 1060 350 1124 reuerentia
383 1058 491 1123 diuina
523 1057 703 1142 specialiter
734 1059 902 1140 praecepta
938 1059 1112 1121 seruantes.
1155 1073 1234 1137 quae
1265 1072 1317 1117 res

168 1166 321 1231 maiorem
347 1164 475 1246 superni
497 1163 616 1228 fauoris
640 1156 855 1227 defensionem
874 1165 982 1227 uestro
1002 1164 1150 1243 procurat
1166 1159 1316 1242 imperim

161 1276 253 1338 reete
277 1272 362 1343 onim
386 1271 494 1337 oblata
516 1271 574 1335 deo
597 1269 759 1334 ueneratio
786 1269 1059 1353 inexpugnabilem
1084 1267 1210 1332 deuotis
1230 1284 1318 1331 men-

167 1378 256 1444 tibus
290 1398 418 1444 murum
451 1378 644 1443 detensionis
676 1378 833 1461 indulget.
905 1376 1036 1459 proinde
1068 1374 1362 1457 omnipotentem5

169 1486 264 1551 doum
294 1485 376 1550 fusis
404 1482 552 1568 precibus
582 1478 756 1561 exoramus,
786 1488 824 1548 ut
851 1483 905 1565 qrri
933 1482 1025 1547 uobis
1043 1482 1197 1547 studium
1225 1499 1318 1562 quae-

125 1615 155 1656 m
171 1593 286 1659 rendae
311 1593 517 1657 ecclesiarum
541 1591 630 1674 pacis
658 1590 804 1667 indulsit,
831 1592 904 1673 ipse
925 1608 1050 1673 quoque
1073 1590 1133 1654 sub
1157 1606 1319 1653 cousecra-

169 1702 256 1765 tione
282 1700 456 1765 catholicae
480 1696 555 1763 fidei
578 1698 734 1763 desiderio
753 1702 862 1763 uestro
882 1718 977 1780 super
995 1696 1054 1761 hac
1072 1698 1162 1779 parte
1179 1696 1319 1778 praestet

168 1808 331 1871 ellectum.
399 1810 561 1889 praeterea
586 1798 717 1869 anemis
742 1805 783 1869 ad
805 1823 863 1869 nos
887 1805 986 1869 sacris
1009 1804 1161 1868 affatibus
1183 1820 1318 1867 comme·
1343 1802 1362 1863 6

169 1912 378 1989 morationem
412 1910 535 1987 sanctifi
548 1912 675 1977 concilii
702 1912 806 1975 iacere
834 1912 936 1994 pietas
966 1914 1074 1975 uestra
1101 1909 1232 1993 dignata
1258 1911 1318 1972 est.

172 2019 208 2083 de
237 2038 301 2102 qua
328 2040 361 2084 re
390 2024 467 2085 tunc
495 2020 717 2101 plenissimum
744 2019 929 2101 poterimus
946 2018 1095 2101 praebere
1117 2034 1319 2099 responsum,

130 2147 155 2188 a
173 2126 247 2191 dum
267 2146 397 2191 causam
417 2121 672 2211 congregationis
692 2144 749 2191 uos
769 2127 937 2191 uolueritis
956 2124 1121 2190 euidenter
1139 2140 1319 2207 agnoscere.

129 2274 132 2291 .
173 2253 255 2299 nuno
288 2252 363 2298 uero
397 2233 471 2315 quia
502 2236 682 2315 praestante
715 2232 842 2297 domino
870 2236 978 2298 nostro
1007 2232 1082 2296 data
1108 2233 1158 2296 est
1184 2228 1320 2295 facultas

173 2338 324 2424 alloquio,
362 2357 501 2423 congrua
537 2340 747 2404 ueneratione·
777 2340 876 2405 debiti
913 2340 1135 2423 praebebimus
1167 2336 1320 2403 sermonis

173 2448 289 2513 officia.
357 2447 441 2514 Data
472 2447 551 2530 prid.
585 2446 667 2514 Nou.
695 2447 795 2531 April.
824 2447 984 2512 Florentio
1016 2466 1048 2511 u.
1078 2464 1104 2512 c.
1138 2464 1224 2511 cons.
1261 2444 1323 2510 Per

175 2556 359 2621 Patricium.

128 2789 157 2830 ω
696 2745 804 2830 (1091

217 2891 414 2938 auusrssrus
430 2882 633 2945 <aususaus>
652 2889 828 2936 uonursnus
847 2888 963 2934 eneas.
1010 2867 1166 2933 Omnibus
1185 2866 1322 2952 negotiis

173 2980 301 3044 diuinae
342 2999 391 3045 res
432 2978 671 3062 praeponendae
713 2980 804 3051 sunt;
848 2977 905 3040 deo
948 2975 1063 3039 etenim
1106 2974 1323 3056 omnipotente

172 3087 310 3170 propitio
339 3105 405 3151 rem
433 3085 593 3170 publicam
619 3088 650 3150 et
674 3082 921 3150 consumendam
945 3085 978 3145 et
999 3081 1227 3146 meliorandam
1252 3098 1322 3144 esso

262 3331 279 3384 2
299 3326 356 3384 [oh.
377 3331 419 3391 14,
439 3329 479 3382 st.
551 3321 562 3342 ²

212 3455 289 3510 lhis
313 3453 347 3508 V:
368 3456 423 3508 suia
446 3453 538 3508 Crass.
562 3453 625 3508 Car.
701 3451 793 3506 diceus
815 3451 906 3504 Crass.
977 3449 1010 3502 10
1029 3447 1233 3502 conseruatione
1252 3447 1322 3500 Bar.

174 3547 209 3600 15
228 3543 292 3597 dum
315 3543 350 3597 V:
371 3559 430 3596 oum
450 3543 519 3597 Bar.
594 3541 711 3595 uoluerit
729 3541 799 3594 Bar.
876 3539 907 3592 18
927 3555 1013 3592 sosas
1033 3523 1146 3590 marnis
1164 3536 1191 3589 V
1277 3551 1325 3605 per

172 3634 321 3688 Patricium
346 3633 372 3684 V
388 3632 545 3686 charactere
567 3630 715 3684 rainutiore
732 3631 775 3682 ita
792 3629 825 3682 iu
842 3629 973 3696 suarptue,
992 3632 1024 3680 ut
1039 3627 1134 3696 potius
1158 3624 1197 3678 ad
1214 3624 1325 3678 titulum

170 3721 310 3792 epistulae
327 3725 385 3776 109
398 3722 535 3790 pertinere
549 3719 639 3793 uideri
652 3718 750 3788 possit.
770 3717 844 3786 quod
860 3716 923 3769 ideo
941 3717 1002 3783 fieri
1018 3714 1121 3782 nequit,
1141 3713 1214 3781 quood
1227 3714 1324 3766 Patri-

171 3811 233 3864 cius
247 3827 307 3864 meur
325 3810 444 3878 epistula
463 3812 519 3862 107
538 3792 644 3862 demum
663 3807 706 3860 die
725 3809 760 3860 12
778 3805 877 3860 rraeuss's
891 3806 956 3857 lau.
973 3804 1042 3857 aurci
1059 3806 1113 3856 515
1128 3801 1325 3856 Constantino·

168 3901 260 3968 polim
273 3899 391 3967 reliquit,
402 3898 520 3966 epistula
535 3899 692 3951 auteru109
705 3897 764 3949 iam
778 3894 822 3947 die
835 3893 1025 3947 reuocentur.
1041 3893 1112 3946 aurci
1126 3895 1180 3944 514
1195 3891 1263 3944 data
1278 3895 1325 3944 est.

209 3987 274 4044 109.
329 3987 397 4040 Dat.
418 4003 443 4040 a.
467 3989 520 4039 514
539 3985 582 4040 die
599 3989 640 4038 28
661 3985 723 4038 llec.
740 3999 793 4050 per
810 3982 1005 4047 Seueriauum;
1028 3985 1140 4048 accepta
1160 3997 1186 4033 a.
1209 3982 1263 4032 515
1282 3978 1326 4032 die

173 4081 209 4132 14
228 4076 303 4130 Mas.
375 4075 450 4130 Edd.
479 4075 544 4128 Car.
563 4073 599 4127 '1²
619 4077 692 4138 14ος
716 4072 786 4128 Bar.
807 4071 846 4125 ad
865 4089 891 4125 a.
913 4074 975 4136 514,
997 4073 1048 4134 43,·
1076 4069 1184 4122 Collect.
1207 4067 1327 4133 Coueil.;

176 4166 257 4220 {tirtel
278 4167 341 4218 741.
413 4163 546 4217 Imitatus
564 4169 603 4216 est
620 4161 795 4216 Anastasius
819 4159 964 4228 epistulam
987 4158 1184 4213 Ualentiuiauc'
1201 4163 1226 4210 et
1245 4155 1325 4209 Mar·

172 4255 259 4321 aaut,
283 4269 340 4322 quo
361 4253 487 4307 inuitant
515 4252 655 4320 episcopos
678 4256 711 4304 ut
732 4250 869 4304 Nicaeam
887 4233 1055 4303 cacuminat
1074 4249 1121 4313 (=
1141 4245 1237 4314 Spicr't
1261 4247 1324 4298 Cas.

173 4345 195 4398 Ι
206 4361 236 4414 p.
253 4347 315 4410 33).
353 4342 386 4395 21
406 4341 544 4410 Augustus
565 4340 666 4394 addidi
684 4356 717 4394 aa
735 4339 833 4392 Iudice
849 4337 973 4408 geuualt
991 4335 1155 4406 (Prolepom.
1174 4351 1235 4402 cap.
1255 4334 1286 4400 Ι)
