3025 4975
525 406 612 475 Epist.
634 405 805 461 comvn
823 407 921 462 ν--ικ
1227 413 1288 474 731

147 607 195 660 τοῦ
218 602 322 680 κυρίου
344 594 431 682 ἡμῶν
455 597 555 682 Ἰησοῦ
587 596 715 682 Χριστοῦ
744 601 876 685 θεέτητα
899 597 959 663 ἀπὸ
983 609 1038 686 της
1061 603 1176 685 σαρκὸς
1197 605 1293 686 χωρί-

149 706 247 772 ίυντος
269 705 322 764 καί
344 699 393 764 διά
416 711 501 765 τοῦτο
525 703 577 787 τὴν
600 700 685 783 ἁγίαν
708 701 830 788 Μαρίαν
853 707 929 768 θεοῦ
963 707 1131 788 γεννητριαν
1155 703 1294 786 ἐξαγγέλ-

147 809 205 870 λειν
235 805 432 888 ἐκκλίνοντος,
456 817 507 872 τοῦ
540 807 572 870 δὲ
604 803 704 892 ἑτέρου
735 809 788 892 την
812 806 960 893 ἀλήθειαν
982 817 1036 893 της
1059 811 1174 892 σαρκὸς
1197 807 1227 872 ὲν
1249 820 1294 892 τίρ

147 917 236 996 κυρίῳ
253 909 501 995 ἀπαναινομένου,
518 908 606 976 ὁπότε
630 909 646 975 ὁ
669 914 772 997 κύριος
786 909 873 998 ἡμῶν
889 910 1009 997 Ἰησοῦς
1024 909 1185 996 Χριστὸςὸ
1204 908 1295 984 αὐτὸς

120 1030 131 1070 5
148 1013 207 1088 υἱὸς
218 1020 300 1098 θεοῦ,
313 1012 329 1078 ὁ
341 1011 430 1087 αὐτὸς
446 1015 619 1099 ἀνθρώπου,
636 1016 665 1079 ἓν
681 1020 841 1100 πρόσωπον
856 1016 885 1080 ἐν
902 1018 955 1080 δύο
970 1020 1076 1104 φύσεσι
1087 1020 1140 1080 καί
1148 1018 1295 1103 θεότητος

145 1124 194 1186 καί
217 1123 332 1204 σαρκὸς
356 1116 425 1183 οὐδὲ
454 1131 512 1183 τιῦν
543 1123 659 1207 φύσεων
684 1120 713 1184 ἐν
736 1131 774 1206 τη
799 1118 904 1185 ένώσει
927 1124 1146 1206 συγχυθέντων,
1170 1119 1230 1207 οὐχ
1253 1118 1296 1192 ὣς

146 1229 282 1308 τετάρτου
306 1229 470 1308 προσώπου
493 1229 712 1310 προστεθέντος
735 1237 773 1312 τη
796 1227 901 1311 τριάδι.
916 1223 985 1288 ἀλλ’
1008 1222 1099 1296 αυτὸς
1123 1221 1139 1288 ὁ
1163 1223 1227 1298 υἱὸς
1242 1235 1294 1289 τοῦ

146 1333 217 1392 θεοῦ
242 1327 419 1393 ἐκένωσεν
442 1326 570 1394 ἑαυτὸν
593 1334 655 1394 καί
688 1333 831 1417 μορφὴν
863 1331 997 1393 δούλου
1027 1329 1146 1412 ἔλαβε.
1170 1331 1215 1393 διὸ
1244 1331 1347 1398 milo

146 1438 211 1516 μίαν
227 1437 281 1497 καὶ
297 1429 331 1498 οῦ
348 1436 495 1520 διαιρετὴν
520 1431 727 1521 ὁμολογοῦμεν
751 1432 855 1499 ουσίαν
878 1443 932 1519 της
948 1434 1068 1517 τριάδος
1084 1437 1135 1497 καί
1150 1434 1202 1519 τὴν
1217 1433 1293 1498 ἰδίαν

108 1558 129 1594 10
145 1533 226 1624 ὅμως
257 1537 390 1622 ἰδιότητα
413 1537 500 1624 ’ίσμεν
532 1539 636 1604 ἐνεῖναι
663 1553 725 1612 τοῖς
757 1543 939 1623 προσώποις.
972 1539 1003 1600 ἓν
1025 1542 1083 1622 γὰρ
1105 1549 1157 1602 τοῦ
1180 1543 1294 1624 πατρὸς

144 1637 349 1726 ὁμολογοῦμεν
384 1641 456 1707 εἶναι
488 1648 660 1728 πρόσωπον,
695 1645 725 1706 ἓν
758 1653 812 1707 τοῦ
843 1641 907 1706 υἱοῦ
945 1652 997 1706 τοῦ
1025 1646 1102 1706 θεοῦ
1134 1643 1208 1727 μετά
1239 1653 1293 1728 της

143 1747 391 1832 προσληφθείσης
415 1751 539 1832 σαρκὸς,
563 1749 593 1810 έν
616 1757 669 1811 τοῦ
692 1751 860 1831 πνευματος
882 1755 935 1810 τοῦ
958 1745 1054 1828 ἁγίου,
1072 1749 1123 1811 καί
1138 1746 1175 1809 τά
1197 1751 1292 1831 πρίσ-

145 1871 230 1913 σωπα
254 1863 319 1922 ταῖς
348 1849 473 1934 ἰδιότησι
503 1856 698 1936 σημαίνοντες
728 1856 781 1915 καί
804 1852 852 1914 δωὶ
874 1861 927 1937 της
951 1848 1088 1936 ἐνοτητος
1111 1861 1164 1936 τῆς
1188 1847 1292 1922 οὐσίας

145 1957 174 2016 τὸ
198 1952 367 2040 ἀχώριστον
398 1965 451 2040 της
481 1957 601 2040 τριάδος
634 1959 793 2040 μυστήριον
817 1953 1044 2041 ὁμολογοῦντες.
1069 1951 1136 2018 οὔτε
1159 1954 1215 2039 γάρ
1239 1955 1291 2018 δυ-

110 2078 130 2116 ο
145 2061 229 2122 νατδν
266 2055 514 2146 ἀμφιβάλλεσθοιι
543 2057 592 2124 τὸν
626 2064 715 2141 λόγον
750 2072 802 2126 τοῦ
835 2063 911 2123 θεοῦ
942 2058 972 2123 ἐν
1001 2072 1063 2131 τοῖς
1093 2068 1147 2145 της
1180 2062 1292 2145 μητρὸς

145 2163 326 2249 σπλάγχνοις
357 2163 406 2226 διά
439 2173 493 2248 τῆς
524 2169 639 2248 σαρκὸς
661 2168 713 2250 την
738 2166 928 2250 ἀνθρωπείαν
950 2163 1182 2249 προσειληφέναι
1205 2165 1290 2249 φῦσιν

143 2272 190 2332 καί
214 2269 255 2352 μὴ
282 2269 429 2354 μεταίτην
452 2268 523 2353 παρ’
549 2267 639 2334 αὐτοῦ
663 2277 824 2355 γενομένην
848 2268 877 2332 ἐν
900 2280 938 2354 τη
963 2272 1061 2356 μητρογ
1083 2278 1140 2330 τῶν
1172 2270 1290 2354 φύσεων

144 2369 242 2435 ἕνωσιν
266 2373 457 2458 διῃρημένον.
502 2373 642 2460 καθάπερ
665 2375 721 2458 γάρ
746 2371 802 2437 οοκ
825 2371 900 2436 ἔστιν
924 2371 954 2436 έν
978 2368 1059 2454 αυτῐρ
1090 2368 1290 2456 ἀνθρωπίτης

145 2474 210 2541 ἄνευ
232 2481 307 2541 θεοῦ
330 2481 519 2565 γεννηθεῖσοι,
544 2477 639 2551 οὕτως
664 2478 693 2543 ἐν
717 2490 757 2562 τίρ
782 2488 901 2563 σταυρῖρ
924 2473 943 2563 η
969 2475 1094 2561 ἀπαθὴς
1108 2471 1290 2562 θείτηςουκ

108 2604 129 2641 ιο
145 2580 215 2644 ἔστιν
239 2578 299 2645 ἀπὸ
322 2592 374 2646 τοῦ
397 2594 450 2669 της
474 2588 588 2669 σαρκὸς
612 2580 732 2655 πάθους
749 2584 924 2668 διῃρημένη·
949 2579 1022 2665 ὅπερ
1038 2579 1121 2666 ὁτῆς
1136 2584 1288 2665 παρθένου

143 2690 227 2758 τόκος
249 2690 301 2751 καί
323 2710 342 2773 η
367 2686 518 2774 ἄχραντος
540 2692 699 2773 γονιμοτης
722 2690 774 2751 καὶ
796 2711 814 2774 η
840 2687 988 2771 ἐξαίρετος
1012 2685 1046 2749 ἐκ
1075 2696 1188 2768 νεκρῶν
1217 2680 1288 2748 ἀνά-

145 2811 239 2865 στασις
272 2795 324 2855 καί
351 2815 370 2878 η
405 2792 446 2863 εὶς
474 2789 621 2877 οὐρανοὺς
657 2794 799 2855 δείκνυσιν
832 2791 952 2863 ἄνοδος.
996 2800 1090 2853 ταῦτα
1120 2789 1146 2852 εί
1177 2792 1336 2863 καθὼςῃ

143 2892 220 2979 παρά
240 2906 297 2958 των
320 2902 455 2981 πατέρων
480 2895 596 2983 ὡρίσθη
621 2892 810 2985 φυλάττουσι,
833 2900 1048 2960 πιστευέτωσαν
1077 2898 1129 2959 καί
1151 2895 1228 2980 μηδὲ
1250 2893 1286 2956 τά

143 2994 286 3083 ὡρισμένα
320 3004 597 3085 παραβαινέτωσαν,
633 2999 686 3089 ἀφ’
716 2997 754 3086 ἧς
789 3004 889 3085 τρίβου
924 2998 952 3063 οἱ
986 3000 1169 3070 ἐκκλίνοντες
1201 2994 1285 3060 αυτοὶ

106 3128 127 3167 τι
145 3099 252 3177 ἑαυτοῖς
275 3110 366 3191 νέφος
402 3104 583 3193 ἀμφιβολίας
611 3110 809 3191 περιχέουσιν.
832 3102 902 3191 ἡμῖν
925 3107 957 3167 δὲ
982 3104 1075 3169 ἐκεῖνο
1099 3107 1132 3168 τὸ
1156 3102 1284 3167 ἀποστο-

142 3206 218 3273 λικδν
240 3220 300 3301 τοῖς
332 3210 507 3295 φιλονείκως
538 3212 762 3294 ἀποκρίνασθαι
792 3204 906 3297 ἀνάγκη
941 3208 1027 3273 ἐστίν·
1058 3207 1173 3296 ἡμεῖς
1207 3230 1282 3270 τοι-

143 3315 255 3400 αύτην
291 3318 506 3399 συνήθειαν
541 3312 612 3379 οὐκ
646 3316 785 3401 ἔχομεν
819 3312 908 3379 ουδὲ
938 3339 957 3403 η
995 3315 1183 3400 ἐκκλησία
1216 3320 1281 3374 τοῦ

142 3420 238 3483 θεοῦ.
284 3430 376 3483 ταῦτα
399 3420 448 3483 διά
469 3430 554 3483 τοῦτο
579 3420 628 3483 διά
653 3424 801 3506 βραχέων,
827 3417 926 3504 ἐπειδὴ
952 3418 1018 3483 οὔτε
1035 3418 1333 3505 ἀμφιβάλλεσθαι12

141 3526 280 3609 προσήκει
306 3529 373 3609 περὶ
403 3524 583 3611 πραγμάτων
614 3536 672 3589 τῶν
701 3530 768 3611 περὶ
794 3535 848 3611 της
880 3529 1007 3597 πίστεως
1042 3524 1188 3593 πολλάκις
1220 3521 1278 3607 ἑρι·

173 3713 188 3764 2
205 3716 267 3767 θεοῦ
286 3712 437 3786 γεννητρταν
457 3714 522 3784 agh:
541 3714 667 3767 θεοτόκον
688 3732 719 3768 eo
801 3717 818 3769 4
838 3715 851 3768 i,
871 3715 949 3777 αὐτὸς
967 3714 1078 3781 σοιίροίι
1096 3706 1171 3775 οὗτος
1191 3714 1278 3782 aeogh

140 3803 154 3853 5
172 3802 232 3853 θεοῦ
251 3820 312 3856 aeo:
332 3809 378 3854 τοῦ
396 3803 462 3854 θεοῦ
481 3804 519 3873 gh
601 3803 679 3865 αυτὸς
698 3804 741 3856 καί
760 3803 836 3873 ἁνθρ.
855 3820 871 3856 a
944 3801 1085 3871 ἅνθρωπος
1104 3803 1201 3871 aeogh,
1220 3820 1277 3857 cor-

140 3891 195 3943 τπκί
236 3890 319 3961 6ουχ
339 3892 376 3954 ὡς
396 3892 478 3961 eogh:
499 3890 528 3943 οὐ
549 3892 612 3945 δίε
657 3890 722 3946 9ου
742 3892 809 3961 agh:
830 3892 889 3945 οὐδὲ
909 3909 942 3945 eo
989 3892 1021 3945 10
1040 3890 1112 3961 ὖμως
1132 3908 1160 3944 0:
1181 3889 1277 3961 ὁμοίως

141 3978 205 4047 aegh
273 3978 299 4032 ἓν
319 3973 384 4032 εἶναι
403 3982 498 4050 aeogh,
518 3997 586 4036 corr.
610 3981 689 4035 Τίιίοί
736 3982 769 4035 13
789 3980 996 4051 σημαίνοντοςί]
1050 3981 1082 4033 14
1101 3977 1276 4050 ὁμολογοῦμεν

140 4066 174 4134 gh
225 4068 256 4122 16
276 4067 427 4137 ἁνθρωπίον
447 4070 484 4138 gh
526 4071 558 4123 17
579 4066 605 4118 ἐν
625 4074 655 4139 τη
677 4067 764 4139 μήτρα
782 4077 833 4121 των
853 4067 955 4138 φύσεων
975 4085 1036 4121 κους
1056 4074 1107 4120 τῶν
1127 4067 1229 4136 φῦσεων
1249 4065 1275 4117 ἐν

140 4154 269 4225 τρμήτρᾳ
288 4158 323 4227 gh
377 4159 408 4211 19
427 4158 570 4228 γενηθεῖσα
589 4174 620 4211 eo
671 4158 706 4211 20
724 4158 847 4220 πάθοςπ
896 4159 930 4211 23
949 4160 986 4228 μὴ
1007 4156 1033 4208 δὲ
1054 4174 1101 4211 aeo
1157 4158 1275 4224 ἳόπερι-

138 4242 234 4313 χέουσιν
254 4262 295 4299 eo:
316 4246 477 4317 περιέχουσιν
497 4247 550 4315 flgh
605 4248 638 4301 28
658 4245 712 4298 ἐπεὶ
730 4247 749 4299 h
