3025 4975
516 442 603 512 spru
624 440 759 497 cxxxix
779 444 891 500 10-15.
1216 450 1282 513 569

139 652 236 715 supra.
271 635 410 699 Thomas
427 635 578 702 diaconus
595 640 632 703 ut
647 656 751 723 supra.
784 640 941 705 Iohannes
957 640 1108 707 ffiaoonus
1123 644 1281 725 utsupra.

140 738 325 822 symeonius
337 742 487 807 diaeonus
503 746 539 808 ut
554 764 658 827 supra.
703 744 851 810 saulinus
867 747 1110 813 archimandrita
1124 752 1162 813 ut
1176 768 1282 831 supra.
1295 750 1336 813 13

139 847 292 913 Eusebius
320 848 486 932 presbyter
511 853 549 914 nt
578 870 682 934 supra.
741 852 903 917 Mueimns
927 853 1094 937 presbyter
1116 857 1154 919 ut
1176 874 1282 937 supra.

140 952 324 1037 symeonius
348 956 513 1038 presbyter
535 959 573 1021 ut
596 974 701 1040 supra.
762 957 899 1022 Thomas
927 958 1094 1043 presbyter
1115 963 1154 1024 ut
1176 980 1282 1042 supra.

113 1060 268 1125 alaeobus
302 1062 468 1145 presbyter
498 1066 536 1127 ut
563 1082 668 1146 supra.
733 1063 889 1128 Iohannes
917 1067 1084 1149 presbyter
1112 1069 1148 1129 ut
1176 1086 1282 1150 supra.

138 1166 252 1232 Paulus
272 1169 438 1252 presbyter
455 1174 493 1234 nt
512 1190 616 1253 supra.
658 1170 788 1235 Priscus
806 1172 972 1254 presbyter
988 1174 1027 1235 nt
1044 1192 1150 1255 sopra.
1186 1173 1284 1239 Anto·

131 1273 225 1339 ninus
240 1276 407 1359 presbyter
421 1280 578 1361 utsupra.
608 1278 763 1343 Iohannes
778 1278 944 1362 presbyter
957 1281 995 1343 ut
1008 1298 1112 1361 supra.
1146 1279 1284 1345 Thomas

139 1385 300 1467 presbyter
318 1386 354 1447 ut
373 1403 477 1467 supra.
524 1384 669 1449 Iulianus
692 1386 858 1469 presbyter
880 1388 918 1449 ut
941 1404 1045 1469 supra.
1093 1387 1283 1470 symeonius

139 1491 300 1574 presbyter
322 1493 358 1555 ut
382 1510 488 1573 supra.
534 1491 672 1556 Thomas
695 1492 862 1576 presbyter
885 1494 923 1556 ut
946 1511 1051 1574 supra.
1095 1490 1283 1577 symeonius

104 1613 124 1653 n
139 1598 300 1681 presbyter
327 1600 365 1663 ut
393 1616 498 1682 supra.
551 1598 711 1663 Zaeeheus
734 1600 902 1681 presbyter
924 1602 962 1663 ut
985 1618 1090 1682 supra.
1145 1599 1283 1665 Thomas

140 1706 301 1789 presbyter
323 1708 360 1769 ut
384 1724 489 1786 snpra.
531 1702 718 1789 symeonius
746 1705 911 1788 presbyter
937 1708 975 1769 nt
1002 1724 1107 1788 supra.
1145 1705 1283 1770 Thomas
1296 1705 1337 1769 14

139 1811 300 1896 presbyter
318 1814 356 1875 ut
375 1830 479 1895 supra.
527 1810 715 1895 symeonius
738 1811 904 1895 presbyter
925 1815 964 1876 ut
987 1830 1091 1895 supra.
1146 1813 1283 1878 Thomas

141 1919 302 2003 presbyter
316 1922 353 1983 nt
369 1938 473 2001 supra.
518 1918 649 2003 sergius
664 1918 829 2002 presbyter
843 1922 881 1983 ut
895 1938 1000 2002 supra.
1045 1920 1182 1984 Thomas
1198 1939 1284 2003 pres·

140 2024 224 2106 byter
240 2028 278 2089 nt
294 2044 398 2107 snpra.
437 2025 595 2089 Eusebius
611 2025 777 2108 presbyter
790 2027 829 2088 ut
842 2044 947 2106 supra.
984 2024 1106 2089 Paulus
1120 2026 1285 2110 presbyter

104 2150 124 2189 re
140 2134 173 2193 ut
191 2150 298 2214 supra.
346 2131 501 2195 Iohannes
525 2131 692 2214 presbyter
715 2135 751 2195 ut
774 2150 880 2213 snpra.
927 2131 1058 2215 Sergius
1077 2131 1228 2197 diaeonus
1246 2135 1285 2197 ut

140 2254 240 2318 supra.
294 2237 377 2301 Item
402 2236 534 2320 Sergius
559 2236 710 2302 diaconus
734 2240 771 2302 ut
794 2256 898 2321 supra.
954 2238 1098 2302 Iulianus
1121 2239 1286 2322 presbyter

139 2348 298 2426 utsupra.
342 2342 473 2426 Sergius
492 2344 657 2427 presbyter
675 2346 712 2407 ut
731 2362 836 2427 supra.
878 2345 1067 2409 Ammonius
1083 2344 1233 2409 diaeonus
1248 2347 1286 2408 nt

140 2468 240 2532 supra.
284 2450 424 2516 Thomas
438 2452 604 2535 presbyter
619 2454 657 2516 ut
671 2470 776 2534 supra.
819 2452 922 2517 huees
940 2453 1106 2536 presbyter
1123 2455 1161 2516 ut
1179 2471 1285 2535 snpra.

139 2558 273 2622 Thomas
299 2559 452 2624 diaeonus
476 2562 642 2642 utsupra.
704 2559 894 2643 symeonius
922 2561 1089 2643 presbyter
1115 2564 1153 2624 ut
1180 2579 1284 2642 snpra.

100 2687 123 2726 so
138 2665 309 2731 Flauianus
326 2666 570 2731 archimandrita
585 2670 621 2731 ut
636 2686 740 2750 supra.
783 2667 946 2731 Monimus
963 2667 1114 2735 diaeonus
1129 2669 1167 2730 ut
1180 2685 1285 2749 supra.
1298 2676 1338 2740 15

138 2771 290 2838 Iohannes
322 2773 472 2838 diaeonus
501 2777 538 2838 ut
567 2793 672 2856 supra.
731 2774 888 2838 Iohannes
920 2773 1086 2857 presbyter
1117 2777 1285 2855 utsupra

137 2881 294 2946 Antonius
329 2880 480 2945 diaeonus
514 2884 552 2946 nt
584 2900 688 2962 supra.
754 2880 893 2944 Thomas
927 2879 1077 2946 diaeonus
1111 2882 1149 2943 ut
1180 2897 1285 2962 supra.

137 2985 262 3053 sliseus
287 2986 453 3070 presbyter
472 2992 509 3053 ut
528 3006 632 3070 supra.
686 2986 817 3070 Sergius
838 2985 990 3051 diaeonus
1008 2989 1046 3050 ut
1065 3005 1170 3068 supra.
1220 2985 1286 3049 Isa-

137 3093 203 3158 oius
222 3095 390 3178 presbyter
410 3097 570 3178 utsupra.
613 3092 744 3177 sergius
764 3093 931 3176 presbyter
949 3096 986 3157 ut
1004 3112 1109 3174 snpra.
1148 3090 1285 3155 Thomas

99 3221 121 3264 rs
138 3199 289 3267 diaconus
313 3205 478 3286 utsupra.
538 3201 694 3265 Iohannes
717 3201 866 3283 prebyter
888 3204 926 3264 nt
952 3219 1057 3282 supra.
1117 3198 1285 3280 Philippus

138 3305 287 3373 diaeonus
316 3311 354 3371 ut
376 3327 481 3391 supra.
543 3306 678 3372 Iaoobus
706 3308 872 3390 presbyter
899 3309 936 3370 ut
963 3325 1069 3388 supra.
1129 3305 1285 3368 Zenobins

137 3415 300 3498 presbyter
324 3419 490 3497 utsupra.
537 3415 642 3479 Maras
668 3413 818 3478 diaeonus
843 3416 880 3477 ut
903 3433 1008 3495 snpra.
1054 3412 1177 3476 Isaoius
1200 3429 1286 3493 pres·

136 3521 225 3603 byter
239 3526 276 3587 ut
292 3541 398 3605 supra.
440 3522 580 3586 Ananias
595 3520 761 3605 presbyter
774 3523 813 3584 ut
829 3539 933 3602 supra.
977 3519 1106 3602 sergius
1121 3518 1286 3600 presbyter

136 3631 172 3691 nt
194 3647 301 3711 supra.
350 3627 486 3712 Symeon
510 3629 674 3712 presbyter
696 3631 734 3692 ut
758 3646 863 3710 supra.
910 3626 1048 3691 Thomas
1067 3623 1232 3708 presbyter
1249 3625 1286 3686 ut

97 3761 120 3800 ao
139 3754 244 3819 supra.
312 3737 468 3800 Iohannes
505 3735 671 3818 presbyter
703 3738 741 3799 ut
773 3753 877 3816 supra.
948 3731 1083 3815 symeon
1120 3730 1286 3814 presbyter

137 3846 296 3925 utsupra.
344 3842 482 3908 Thomas
501 3843 666 3926 presbyter
685 3843 722 3905 nt
740 3861 845 3923 supra.
893 3840 1047 3904 Iohannes
1065 3838 1231 3920 presbyter
1249 3841 1286 3900 ut

137 3967 242 4030 supra.
304 3947 439 4031 Symeon
477 3947 640 4030 presbyter
676 3949 714 4011 nt
750 3965 854 4030 snpra.
915 3943 1095 4008 Danidthos
1133 3943 1285 4006 diaeonus

169 4177 186 4228 3
206 4174 341 4228 eusealius
365 4173 396 4230 V.
416 4189 485 4228 corr.
508 4172 571 4226 Uar.
659 4173 692 4226 10
709 4171 840 4225 Iacchens
864 4171 894 4234 V,
914 4187 982 4226 corr.
1005 4171 1069 4224 Cor.
1154 4172 1187 4223 14
1207 4186 1282 4222 euse-

135 4265 202 4318 alius
226 4263 261 4326 V,
285 4279 352 4317 corr.
379 4261 443 4316 Car.
535 4263 569 4315 ‘25
592 4261 716 4331 Philipue
741 4260 767 4314 V
855 4263 890 4314 26
915 4259 1051 4314 zenoalius
1076 4258 1107 4322 V,
1127 4274 1195 4312 corr.
1219 4257 1282 4311 Car.

21 4361 22 4372 ¹
135 4353 168 4405 27
187 4367 279 4405 moras
302 4350 333 4414 V,
353 4351 458 4405 cerreti
