3025 4975
214 447 278 511 720
556 445 701 500 Honrrisda
718 446 823 499 Iustino
843 446 967 515 Augusto

213 640 345 718 naturis,
378 645 415 706 ut
448 642 502 723 qui
536 646 607 706 ante
641 644 785 724 tempora
822 645 890 706 erat
925 641 1011 706 filius
1050 643 1110 719 dei,
1148 643 1239 707 fieret
1274 643 1361 708 filius

213 748 351 812 hominis
372 752 404 812 et
422 751 604 812 nasceretur
624 767 659 813 ex
678 752 819 831 tempore
839 749 977 812 hominis
996 769 1083 813 more
1101 751 1212 814 matris
1228 751 1360 814 uuluam

214 859 307 918 natus
341 855 483 938 aperiens
518 859 550 919 et
582 855 801 938 uirginitatem
834 856 945 918 matris
980 854 1109 919 deitatis
1141 857 1262 920 uirtute
1300 877 1361 921 non

162 962 354 1026 llsoluens.
383 963 515 1046 dignum
543 963 635 1045 plane
664 962 721 1027 deo
750 967 900 1026 nascente
927 963 1125 1045 mysterium,
1155 967 1192 1027 ut
1220 970 1363 1028 seruaret

213 1075 339 1152 partum
358 1069 425 1134 sine
445 1069 654 1152 corruptione,
676 1070 730 1151 qui
751 1073 941 1151 conceptum
959 1070 1037 1134 lecit
1055 1089 1126 1134 esse
1145 1070 1213 1134 sine
1229 1071 1361 1141 semine,
1392 1087 1404 1128 a

215 1195 345 1240 seruans
375 1177 459 1258 quod
489 1196 524 1238 er
553 1179 640 1259 patre
669 1178 736 1239 crat
764 1179 796 1240 et
822 1179 1060 1258 repraesentans
1089 1176 1175 1260 quod
1202 1196 1237 1241 er
1260 1181 1362 1240 matre

215 1284 367 1365 suscepit.
402 1303 474 1346 nam
507 1282 589 1346 unde
618 1281 722 1346 iacens
751 1282 783 1345 in
812 1283 977 1365 praesepio
1005 1283 1175 1347 uidebatur
1201 1283 1233 1347 in
1262 1283 1362 1349 caelo.

213 1390 379 1454 inuolutus
402 1389 515 1470 pannis
539 1388 729 1452 adorabatur
751 1409 770 1453 a
791 1389 905 1473 magis,
929 1391 1012 1453 inter
1031 1390 1178 1454 animalia
1197 1390 1302 1453 editus
1323 1390 1361 1452 ab

215 1496 336 1579 angelis
382 1496 559 1572 nuntiatus,
602 1496 655 1560 uir
696 1515 845 1579 egressus
887 1496 1053 1560 infantiam
1096 1501 1128 1560 et
1169 1497 1362 1560 annuntians

214 1603 384 1686 mysticam
409 1603 476 1666 sine
499 1603 686 1668 instituente
706 1603 892 1679 doctrinam,
910 1603 993 1666 inter
1010 1603 1191 1668 rudimenta
1209 1623 1364 1668 annorum
1382 1623 1406 1662 ιο

164 1711 386 1792 l2puerilium
411 1709 506 1773 edens
531 1709 718 1773 caelestium
743 1710 835 1792 signa
857 1710 1040 1774 uirtutum?
1063 1711 1149 1774 idem
1174 1710 1258 1774 enim
1282 1709 1362 1774 deus

216 1821 248 1881 ct
266 1818 370 1894 home,
391 1835 462 1894 non,
483 1819 520 1878 ut
538 1816 577 1880 ab
597 1815 779 1879 infidelibus
800 1816 926 1890 dicitur,
946 1817 1005 1880 sub
1026 1821 1155 1898 quartae
1174 1816 1364 1881 introducti-

216 1943 274 1987 one
303 1941 455 2005 personae
485 1922 540 1986 sed
568 1923 636 2004 ipse
665 1923 715 1986 dei
743 1923 829 1987 iilius
859 1923 937 1986 deus
961 1927 994 1987 et
1016 1923 1123 1999 homo,
1147 1924 1232 1987 idem
1255 1924 1363 1988 uirtus

216 2033 248 2093 et
271 2029 448 2106 infirmitas,
473 2030 639 2094 humilitas
665 2034 696 2094 et
719 2031 882 2107 maiestas,
906 2030 1064 2094 redimens
1088 2034 1120 2094 et
1143 2030 1306 2107 uenditus,
1331 2032 1362 2094 in

217 2155 309 2200 cruce
336 2137 461 2218 positus
492 2140 523 2200 et
551 2137 630 2201 caeli
658 2156 755 2220 regna
777 2137 924 2220 largitus,
947 2138 994 2200 ita
1017 2140 1142 2201 nostrae
1164 2137 1363 2202 infirmitatis
1383 2158 1408 2198 15

216 2250 253 2306 ut
283 2244 388 2326 possit
418 2243 568 2320 interimi,
601 2243 647 2306 ita
678 2243 838 2326 ingenitae
871 2243 1032 2325 potentiae
1061 2263 1100 2306 ne
1129 2244 1232 2325 possit
1258 2248 1364 2308 morte

165 2351 370 2420 13consumi.
401 2352 546 2432 sepultus
576 2353 625 2414 est
653 2351 739 2413 iuxta
768 2349 810 2427 id,
840 2349 925 2432 quod
952 2349 1047 2413 homo
1076 2350 1181 2414 uoluit
1204 2350 1304 2424 nasci,
1332 2354 1365 2414 et

215 2459 303 2523 iuxta
325 2458 367 2534 id,
394 2457 478 2539 quod
501 2457 587 2539 patri
608 2460 674 2521 erat
698 2456 824 2532 similis,
845 2457 1029 2521 resunexit:
1049 2456 1171 2539 patiens
1192 2456 1365 2521 uulnerum

217 2568 249 2630 ct
272 2560 411 2629 saluator
434 2584 609 2647 aegrorum.
635 2583 716 2627 rinus
742 2564 964 2628 detunctorum
988 2568 1021 2627 et
1043 2564 1223 2627 uiuificator
1246 2565 1366 2628 obeun-

216 2674 307 2749 tium,
332 2672 371 2735 ad
394 2672 516 2734 inferna
540 2670 733 2734 descendens
758 2674 790 2734 et
813 2670 952 2753 epatris
977 2670 1097 2753 gremio
1121 2690 1182 2734 non
1201 2670 1365 2735 recedens.
1384 2696 1411 2733 ao

217 2778 299 2841 unde
329 2781 361 2840 et
388 2776 535 2853 animam,
566 2796 660 2859 quam
688 2795 744 2857 pro
775 2776 936 2839 communi
960 2775 1139 2840 conditione
1162 2777 1282 2858 posuit,
1308 2794 1367 2859 pro

166 2884 372 2967 ldsingulari
395 2884 514 2947 uirtute
539 2888 572 2947 et
594 2882 773 2947 admirabili
795 2884 939 2965 potentia
961 2903 1033 2948 mox
1056 2883 1240 2966 resumpsit.
1287 2884 1367 2948 haec

216 2991 262 3054 ita
291 3010 360 3054 esse
388 3008 446 3053 nec
474 2989 573 3053 ullam
602 2988 831 3053 dtrbitationem
856 2993 999 3070 oportere
1022 2991 1171 3071 recipere,
1195 2990 1229 3055 id
1253 2998 1304 3055 est
1328 3011 1368 3055 ne

218 3098 364 3161 dominus
393 3099 500 3160 noster
527 3097 617 3161 Iesus
647 3095 794 3160 Christus
824 3100 880 3160 aut
910 3097 993 3160 inter
1025 3098 1165 3179 corporis
1197 3098 1368 3179 passiones

218 3204 296 3267 deus
329 3223 390 3269 non
423 3222 493 3266 esse
527 3204 706 3267 crederetur
738 3206 795 3267 aut
826 3224 864 3267 ne
897 3203 976 3267 deus
1009 3207 1144 3282 tanturn,
1178 3223 1238 3268 non
1268 3205 1414 3269 etiamst

218 3312 323 3386 bomo,
355 3310 437 3373 inter
470 3329 564 3392 opera
594 3309 790 3373 mirabilium
824 3310 980 3392 stupenda
1012 3311 1169 3374 uirtutum
1198 3312 1368 3394 proposito

255 3467 268 3519 l
295 3468 365 3521 filius
388 3468 466 3521 fieret
488 3472 553 3535 trsp.
579 3466 664 3520 Gonu.
688 3466 711 3519 i³
735 3467 817 3532 (tilius
841 3484 891 3520 om.
915 3466 948 3535 22)
1037 3467 1054 3518 2
1079 3484 1109 3520 ex
1138 3467 1207 3521 VH:
1229 3468 1258 3520 in
1281 3468 1369 3537 Hr'sp.

219 3558 234 3609 3
254 3559 332 3609 natus
352 3556 474 3625 aperiens
493 3558 646 3626 (repperiens
670 3556 704 3621 V)
730 3556 810 3609 Vffl:
827 3573 881 3608 non
901 3558 1024 3624 aperiens
1042 3560 1124 3609 natus
1145 3556 1231 3610 Gertz.
1310 3558 1370 3610 uir-

217 3649 305 3698 tutem
322 3644 547 3698 b²b³b⁴b⁰b⁷b¹⁰d²
617 3647 634 3698 4
653 3644 732 3714 plane
757 3645 861 3712 VHisp.
881 3642 952 3697 b⁸b⁹:
972 3645 1078 3713 placere
1097 3643 1130 3698 H
1148 3646 1277 3713 (exceptis
1293 3644 1369 3709 laslst)

218 3738 373 3787 nascentem
386 3732 640 3787 o¹b²b³b⁴t³t⁷b¹⁰a²
694 3735 709 3785 7
729 3733 800 3785 unde
823 3733 889 3785 VH:
909 3750 960 3786 om.
975 3733 1058 3801 Hisp.
1113 3734 1129 3785 9
1148 3734 1293 3787 nunciatus
1312 3734 1374 3787 VH

220 3822 364 3887 (nuntiatis
388 3820 426 3885 b²,
451 3823 594 3875 nuntiatur
611 3820 641 3875 b⁰
660 3827 684 3875 et
708 3820 739 3875 b9
762 3838 837 3875 man.
862 3824 889 3884 2,
912 3822 1090 3874 nuntiabatur
1111 3820 1197 3887 labb:
1221 3824 1372 3876 nuntiatur

219 3910 301 3978 Hisp.
355 3912 387 3965 10
405 3911 566 3979 mysticaH
636 3910 785 3963 doctrinam
803 3911 899 3979 Hesp:
919 3910 1042 3963 doctrina
1065 3910 1123 3963 VH
1172 3912 1205 3965 12
1223 3912 1375 3979 quartaH

221 3998 436 4067 (exceptarum)
493 4002 524 4053 16
544 4000 632 4069 possit
649 4006 765 4066 utroque
783 4000 841 4052 loco
866 3999 944 4052 VHr':
964 4003 1058 4068 posset
1078 3998 1164 4053 Gertz.
1241 4000 1371 4068 ingenite

222 4088 277 4148 [uel
303 4088 434 4159 ingenite)
465 4087 560 4142 Vitam
583 4095 608 4143 et
629 4088 660 4142 in
683 4104 738 4142 rus.
762 4089 804 4141 pp,
833 4090 987 4158 ingenitate
1015 4090 1095 4142 ceteri
1118 4088 1197 4142 codd.
1220 4089 1255 4142 H
1277 4090 1372 4157 (inge-

219 4178 278 4231 nita
302 4176 341 4241 bl,
371 4178 541 4246 ingenuitate
566 4178 615 4241 bb,
640 4178 761 4247 ingentis
787 4178 872 4231 Gonz.
946 4172 988 4231 “19
1014 4177 1172 4230 obeuntium
1197 4192 1249 4231 om.
1278 4178 1371 4231 δοκι.

219 4269 251 4321 21
274 4284 352 4336 quam
377 4268 511 4321 communi
533 4266 617 4321 Gens.
710 4266 880 4320 condictione
902 4266 988 4320 Gom.
1078 4268 1114 4319 24
1137 4266 1261 4319 dominus
1286 4266 1373 4321 VHi:

219 4357 285 4409 deus
308 4356 393 4411 Goba.
449 4357 521 4409 inter
539 4374 619 4425 opera
638 4356 772 4425 passionis
792 4355 878 4410 Gora.
