3025 4975
562 417 651 487 Epist.
670 416 756 473 cxvi
778 415 888 472 re-ao.
1233 418 1298 483 517

147 612 341 677 fiducialiter
365 631 439 697 ergo
464 630 625 695 rogamus,
648 615 686 675 ut
707 632 765 694 per
791 630 851 676 uos
878 612 909 675 in
938 612 1093 676 unitatem
1121 614 1299 676 reuertatur

150 720 296 797 ecclesia,
327 719 430 784 sciant
459 737 570 784 omues
598 719 740 802 episcopi
768 720 966 783 uoluntatem
995 722 1136 783 uestram
1164 723 1198 782 ct
1224 718 1299 799 quia

151 826 308 909 synodum
339 824 607 891 Calcedonensem
641 827 672 889 et
705 825 857 908 epistolas
889 844 989 907 papae
1016 824 1130 890 Leonis
1163 825 1297 889 seruatis

150 933 202 997 nel
221 932 517 1015 sedisapostolicae
533 932 726 997 constituta'.
776 931 800 996 si
818 932 1017 1013 dixeritque
1034 931 1140 997 ordine
1154 930 1299 995 facienda
1310 936 1351 1000 17

120 1040 213 1103 esint
235 1040 326 1117 haec,
351 1058 384 1103 se
409 1039 521 1104 debere
545 1058 746 1123 cognoscere,
774 1040 889 1105 iterum
917 1058 1026 1122 preces
1055 1038 1202 1102 adhibete
1225 1056 1297 1103 cum

152 1145 331 1211 humilitate
355 1146 495 1211 dicentes
519 1148 617 1229 ‘pater
634 1150 742 1211 nester
761 1147 890 1230 scripsit
908 1146 1066 1229 episcopis
1095 1146 1297 1230 generaliter:

153 1253 272 1338 iungite
297 1253 348 1317 his
372 1253 488 1317 litteris
513 1271 618 1318 sacras
643 1256 767 1317 uestras
791 1252 1006 1337 significantes
1030 1253 1090 1317 hoc
1113 1272 1173 1317 uos
1196 1252 1298 1316 uindi·

153 1378 231 1437 care,
261 1359 347 1442 quod
376 1362 408 1423 et
437 1360 527 1424 sedes
557 1360 734 1443 apostolica
761 1360 932 1443 praedicat,
962 1364 994 1425 et
1020 1363 1108 1437 tnnc,
1136 1360 1191 1443 qui
1223 1363 1299 1423 sunt

154 1466 328 1543 orthodoxi,
354 1466 392 1529 de
416 1466 538 1531 unitate
563 1466 647 1531 sedis
672 1468 865 1549 apostolicae
893 1467 1022 1531 minime
1046 1470 1233 1549 separantur
1256 1470 1297 1541 et,

110 1590 139 1630 ιο
155 1574 206 1656 qui
228 1574 279 1638 his
304 1576 380 1639 sunt
403 1573 559 1651 contrarii,
584 1580 827 1658 cognoscuntur.
855 1574 971 1655 quibus
995 1573 1146 1638 ordinatis
1169 1576 1298 1656 paratus

155 1682 201 1745 est
222 1684 313 1763 pater
335 1682 453 1757 uester,
478 1680 505 1745 si
530 1699 610 1763 opus
634 1681 739 1757 tuerit,
769 1700 859 1745 snam
888 1680 1126 1746 accommodare
1153 1698 1297 1763 praesen·

155 1788 228 1850 tiam
262 1790 305 1861 et,
339 1786 491 1868 quicquid
524 1786 658 1867 expedit,
691 1788 828 1851 seruatis
865 1792 992 1870 patrum
1025 1787 1208 1851 constitutis
1240 1805 1296 1870 pro

154 1893 333 1977 integritate
356 1892 509 1957 ecclesiae
533 1912 592 1957 non
617 1896 753 1977 negare'.
827 1894 855 1957 si
882 1892 995 1957 dixerit
1016 1893 1187 1974 imperator
1208 1892 1350 1957 ‘bene18

155 2000 229 2073 istc;
264 1998 418 2082 srrscipite
450 2000 565 2063 iterum
599 2002 724 2063 nostrae
753 1999 894 2064 ciuitatis
923 2000 1148 2083 episcopumi’,
1180 2000 1297 2065 iterum

112 2126 136 2167 rs
152 2124 256 2187 preces
281 2106 445 2189 adiungite
468 2105 633 2171 humiliter
665 2106 806 2170 dicentes
829 2107 965 2171 ‘domine
987 2108 1168 2190 imperator,
1186 2125 1297 2189 pacem

152 2214 297 2277 uenimus
322 2232 394 2277 cum
419 2212 469 2277 dei
489 2213 644 2279 adiutorio
664 2214 757 2278 uobis
777 2214 992 2279 adnitentibus
1012 2218 1045 2278 et
1061 2214 1297 2296 praestantibus

151 2320 249 2383 lacera
284 2324 316 2384 ot
347 2318 554 2385 intentionem
588 2322 692 2403 sopire
724 2322 756 2384 in
791 2321 921 2385 ciuitate
950 2326 1068 2385 uestra.
1106 2320 1144 2385 de
1173 2320 1296 2384 duabus

152 2428 199 2490 est
229 2426 375 2510 personis
407 2426 559 2492 intentio:
596 2427 661 2491 ista
697 2446 793 2492 causa
827 2427 990 2510 proprium
1029 2446 1157 2493 cursum
1190 2428 1295 2492 habet.

153 2535 340 2616 generalitas
361 2534 581 2617 episcoporum
601 2535 748 2616 primitus
770 2535 939 2611 ordinetur,
959 2534 1015 2599 fiat
1033 2555 1096 2599 una
1115 2534 1295 2600 communic

114 2665 137 2705 n
155 2639 319 2715 catholica,
350 2643 382 2704 et
409 2641 553 2722 sequenti
575 2641 646 2706 loco
672 2641 709 2704 de
733 2641 805 2706 istis
829 2643 882 2707 uel
906 2643 934 2706 si
957 2642 1012 2724 qui
1035 2645 1111 2706 snut
1134 2643 1187 2706 alii
1211 2645 1297 2706 extra

153 2746 302 2811 ecclesias
336 2765 410 2811 suas
443 2751 519 2812 tnnc
553 2747 737 2833 diligentius
770 2753 878 2832 potest
909 2769 1005 2814 causa
1037 2750 1207 2832 cognosci'.
1267 2749 1347 2814 sill)

152 2852 262 2916 dixerit
292 2851 464 2935 imperator
486 2853 535 2917 ‘de
558 2853 744 2918 Macedonio
769 2854 886 2931 dicitis,
909 2855 1061 2938 intellego
1085 2856 1295 2920 subtilitatem

151 2963 306 3023 nestram:
324 2959 500 3024 haereticus
516 2966 580 3034 est;
595 2960 681 3024 nulla
697 2961 817 3026 ratione
831 2963 972 3026 reuocari
984 2966 1111 3045 potest’,
1125 2962 1295 3046 respondes

152 3068 227 3145 nos,
256 3065 371 3130 domne
403 3066 583 3149 imperator,
616 3069 740 3132 nullum
773 3070 982 3151 personaliter
1016 3069 1226 3146 uindicamns,
1264 3077 1296 3132 et

115 3199 137 3238 a
156 3173 180 3236 si
206 3173 310 3254 pietas
339 3177 446 3237 uestra
475 3173 663 3250 considerat,
688 3176 791 3258 magis
820 3195 875 3257 pro
904 3176 1010 3240 anima
1036 3180 1143 3240 uestra
1171 3179 1203 3240 et
1230 3176 1295 3256 cpi·

155 3279 242 3344 nione
265 3279 437 3362 loquimur,
461 3283 498 3344 nt
522 3281 564 3345 sit
587 3281 745 3345 discussio
770 3285 812 3356 et,
837 3282 865 3344 si
888 3281 1067 3346 haereticus
1091 3285 1149 3360 est,
1177 3281 1294 3346 iudicio

155 3389 362 3470 cognoscatur
395 3389 426 3450 et
459 3406 518 3452 non
554 3387 613 3451 sub
647 3388 794 3470 opinione
827 3388 990 3453 orthodoxi
1023 3389 1140 3452 iniuste
1172 3389 1296 3452 dicatur

156 3495 343 3574 oppressns'.
414 3493 440 3556 si
471 3493 581 3557 dixerit
609 3494 779 3576 imperator
805 3493 892 3576 ‘quid
919 3495 1031 3569 uultis,
1055 3495 1149 3559 modo
1182 3495 1347 3562 dicitet20

156 3597 191 3661 de
218 3598 337 3680 synodo
363 3597 588 3664 Calcedcnensi
612 3600 724 3664 dicetis
749 3604 782 3665 et
805 3601 842 3664 dc
864 3581 1011 3683 epistolis
1035 3621 1133 3684 papae
1156 3602 1294 3666 Leonis?

117 3729 140 3773 n
158 3723 224 3768 ecce
253 3705 308 3786 qui
337 3708 387 3770 est
414 3705 555 3770 ciuitatis
584 3707 764 3789 episcopus,
797 3707 837 3770 ad
868 3708 930 3771 ista
959 3709 1136 3785 consentit,
1167 3728 1295 3791 respon-

157 3809 287 3874 dendum
322 3815 373 3875 est
404 3812 441 3876 ‘si
473 3813 535 3876 ista
568 3813 718 3890 custodit,
751 3814 782 3877 in
816 3815 1043 3880 examinatione
1070 3833 1184 3880 causae
1221 3835 1294 3880 eum

189 4073 326 4126 lunitatc
350 4071 381 4134 V,
401 4087 468 4126 corr.
489 4091 502 4142 p
520 4074 591 4126 Bar.
655 4073 762 4127 Sardis
786 4075 812 4128 V
881 4079 909 4128 et
932 4075 969 4129 V:
986 4079 1018 4128 ut
1040 4075 1118 4130 Putet
1180 4079 1294 4146 tlsepa·

158 4166 243 4213 rentur
260 4159 287 4212 0²
310 4159 389 4214 Tbs'el
457 4162 490 4214 10
509 4165 707 4230 cogrncscuntur
724 4164 836 4231 scripsi:
854 4167 1052 4232 cognoscantur
1074 4164 1100 4216 V
1153 4166 1183 4218 ll
1204 4182 1293 4218 acorri-

157 4247 258 4302 rnodare
281 4248 308 4302 V
361 4249 394 4302 lt
413 4249 541 4318 suscipite
561 4251 667 4304 interirn
687 4251 756 4304 Bar.
805 4253 837 4305 19
856 4253 980 4320 prirnitus
999 4252 1041 4305 bie
1064 4252 1090 4304 V
1132 4255 1166 4307 22
1185 4254 1293 4307 rnaclre·

158 4333 232 4388 drinio
255 4336 281 4390 V
332 4337 368 4391 24
386 4337 534 4392 indicamus
557 4338 621 4392 Car.
676 4340 712 4394 30
724 4341 836 4393 cisttus·
848 4341 968 4395 ciuitatis
986 4341 1056 4396 Bar.
