<?xml version="1.0" encoding="UTF-8"?>
<!DOCTYPE html PUBLIC "-//W3C//DTD XHTML 1.0 Transitional//EN"
    "http://www.w3.org/TR/xhtml1/DTD/xhtml1-transitional.dtd">
<html xmlns="http://www.w3.org/1999/xhtml" xml:lang="en" lang="en">
 <head>
  <title>
</title>
<meta http-equiv="Content-Type" content="text/html;charset=utf-8" />
  <meta name='ocr-system' content='tesseract 3.04.00' />
  <meta name='ocr-capabilities' content='ocr_page ocr_carea ocr_par ocr_line ocrx_word'/>
</head>
<body>
  <div class='ocr_page' id='page_1' title='image "./corpusscriptoru02wiengoog_0116.png"; bbox 0 0 3025 4975; ppageno 0'>
   <div class='ocr_carea' id='block_1_1' title="bbox 234 438 1012 509">
    <p class='ocr_par' dir='ltr' id='par_1_1' title="bbox 234 438 1012 509">
     <span class='ocr_line' id='line_1_1' title="bbox 234 438 1012 509; baseline -0.012 -7"><span class='ocrx_word' id='word_1_1' title='bbox 234 446 298 509; x_wconf 80' lang='grc'>596</span> <span class='ocrx_word' id='word_1_2' title='bbox 599 438 744 493; x_wconf 87' lang='lat' dir='ltr'>Hormisda</span> <span class='ocrx_word' id='word_1_3' title='bbox 761 439 869 494; x_wconf 89' lang='lat' dir='ltr'>Iustino</span> <span class='ocrx_word' id='word_1_4' title='bbox 888 439 1012 509; x_wconf 85' lang='lat' dir='ltr'>Augusto</span> 
     </span>
    </p>
   </div>
   <div class='ocr_carea' id='block_1_2' title="bbox 190 633 1504 3812">
    <p class='ocr_par' dir='ltr' id='par_1_2' title="bbox 190 633 1504 3812">
     <span class='ocr_line' id='line_1_2' title="bbox 190 633 1381 718; baseline 0.002 -21"><span class='ocrx_word' id='word_1_5' title='bbox 190 636 323 701; x_wconf 78' lang='lat' dir='ltr'>buoni</span> <span class='ocrx_word' id='word_1_6' title='bbox 350 639 397 702; x_wconf 92' lang='lat' dir='ltr'>te.</span> <span class='ocrx_word' id='word_1_7' title='bbox 435 635 477 700; x_wconf 89' lang='lat' dir='ltr'>ad</span> <span class='ocrx_word' id='word_1_8' title='bbox 509 635 591 699; x_wconf 91' lang='lat' dir='ltr'>hauc</span> <span class='ocrx_word' id='word_1_9' title='bbox 623 652 682 699; x_wconf 87' lang='lat' dir='ltr'>uos</span> <span class='ocrx_word' id='word_1_10' title='bbox 717 633 852 718; x_wconf 85' lang='lat' dir='ltr'>gloriam</span> <span class='ocrx_word' id='word_1_11' title='bbox 883 634 1195 716; x_wconf 82' lang='lat' dir='ltr'>incomprehensibili</span> <span class='ocrx_word' id='word_1_12' title='bbox 1228 653 1381 718; x_wconf 84' lang='lat' dir='ltr'>supernae</span> 
     </span>
     <span class='ocr_line' id='line_1_3' title="bbox 233 739 1382 825; baseline -0.003 -17"><span class='ocrx_word' id='word_1_13' title='bbox 233 742 412 809; x_wconf 88' lang='lat' dir='ltr'>maiestatis</span> <span class='ocrx_word' id='word_1_14' title='bbox 437 742 646 825; x_wconf 79' lang='lat' dir='ltr'>dispositione</span> <span class='ocrx_word' id='word_1_15' title='bbox 668 744 857 822; x_wconf 79' lang='lat' dir='ltr'>procurante</span> <span class='ocrx_word' id='word_1_16' title='bbox 887 740 1075 823; x_wconf 72' lang='lat' dir='ltr'>obsequium</span> <span class='ocrx_word' id='word_1_17' title='bbox 1104 745 1235 805; x_wconf 85' lang='lat' dir='ltr'>naturae</span> <span class='ocrx_word' id='word_1_18' title='bbox 1263 739 1382 806; x_wconf 89' lang='lat' dir='ltr'>mundo</span> 
     </span>
     <span class='ocr_line' id='line_1_4' title="bbox 233 846 1383 934; baseline -0.003 -19"><span class='ocrx_word' id='word_1_19' title='bbox 233 851 380 934; x_wconf 84' lang='lat' dir='ltr'>protulit,</span> <span class='ocrx_word' id='word_1_20' title='bbox 405 850 465 914; x_wconf 91' lang='lat' dir='ltr'>sub</span> <span class='ocrx_word' id='word_1_21' title='bbox 491 847 637 913; x_wconf 88' lang='lat' dir='ltr'>custodia</span> <span class='ocrx_word' id='word_1_22' title='bbox 660 846 733 911; x_wconf 88' lang='lat' dir='ltr'>fidei</span> <span class='ocrx_word' id='word_1_23' title='bbox 757 850 937 911; x_wconf 79' lang='lat' dir='ltr'>transactae</span> <span class='ocrx_word' id='word_1_24' title='bbox 960 847 1045 911; x_wconf 88' lang='lat' dir='ltr'>uitae</span> <span class='ocrx_word' id='word_1_25' title='bbox 1072 848 1215 931; x_wconf 85' lang='lat' dir='ltr'>probitas</span> <span class='ocrx_word' id='word_1_26' title='bbox 1241 847 1383 912; x_wconf 88' lang='lat' dir='ltr'>instituit</span> 
     </span>
     <span class='ocr_line' id='line_1_5' title="bbox 235 954 1381 1039; baseline -0.004 -17"><span class='ocrx_word' id='word_1_27' title='bbox 235 963 330 1039; x_wconf 88' lang='lat' dir='ltr'>atque</span> <span class='ocrx_word' id='word_1_28' title='bbox 354 956 393 1020; x_wconf 92' lang='lat' dir='ltr'>ad</span> <span class='ocrx_word' id='word_1_29' title='bbox 416 955 551 1037; x_wconf 89' lang='lat' dir='ltr'>imperia</span> <span class='ocrx_word' id='word_1_30' title='bbox 578 954 747 1019; x_wconf 86' lang='lat' dir='ltr'>clementia</span> <span class='ocrx_word' id='word_1_31' title='bbox 775 954 884 1018; x_wconf 89' lang='lat' dir='ltr'>diuina</span> <span class='ocrx_word' id='word_1_32' title='bbox 911 954 1063 1037; x_wconf 77' lang='lat' dir='ltr'>peruenit,</span> <span class='ocrx_word' id='word_1_33' title='bbox 1093 954 1131 1019; x_wconf 97' lang='lat' dir='ltr'>ob</span> <span class='ocrx_word' id='word_1_34' title='bbox 1160 955 1219 1019; x_wconf 95' lang='lat' dir='ltr'>hoc</span> <span class='ocrx_word' id='word_1_35' title='bbox 1248 954 1381 1029; x_wconf 88' lang='lat' dir='ltr'>scilicet,</span> 
     </span>
     <span class='ocr_line' id='line_1_6' title="bbox 234 1059 1425 1144; baseline -0.006 -15"><span class='ocrx_word' id='word_1_36' title='bbox 234 1068 272 1130; x_wconf 87' lang='lat' dir='ltr'>ut</span> <span class='ocrx_word' id='word_1_37' title='bbox 289 1062 417 1128; x_wconf 89' lang='lat' dir='ltr'>tandem</span> <span class='ocrx_word' id='word_1_38' title='bbox 437 1059 606 1143; x_wconf 89' lang='lat' dir='ltr'>aliquando</span> <span class='ocrx_word' id='word_1_39' title='bbox 627 1060 822 1126; x_wconf 88' lang='lat' dir='ltr'>diuisoribus</span> <span class='ocrx_word' id='word_1_40' title='bbox 838 1060 988 1125; x_wconf 90' lang='lat' dir='ltr'>dominici</span> <span class='ocrx_word' id='word_1_41' title='bbox 1006 1061 1146 1144; x_wconf 88' lang='lat' dir='ltr'>corporis</span> <span class='ocrx_word' id='word_1_42' title='bbox 1165 1060 1239 1127; x_wconf 88' lang='lat' dir='ltr'>fidei</span> <span class='ocrx_word' id='word_1_43' title='bbox 1257 1064 1382 1125; x_wconf 88' lang='lat' dir='ltr'>uestrae</span> <span class='ocrx_word' id='word_1_44' title='bbox 1412 1081 1425 1122; x_wconf 80' lang='lat' dir='ltr'>s</span> 
     </span>
     <span class='ocr_line' id='line_1_7' title="bbox 235 1166 1383 1251; baseline -0.004 -15"><span class='ocrx_word' id='word_1_45' title='bbox 235 1170 435 1236; x_wconf 84' lang='lat' dir='ltr'>exsecutione</span> <span class='ocrx_word' id='word_1_46' title='bbox 456 1167 647 1251; x_wconf 85' lang='lat' dir='ltr'>compressis</span> <span class='ocrx_word' id='word_1_47' title='bbox 667 1167 875 1233; x_wconf 89' lang='lat' dir='ltr'>ecclesiarum</span> <span class='ocrx_word' id='word_1_48' title='bbox 894 1167 1061 1232; x_wconf 90' lang='lat' dir='ltr'>concordia</span> <span class='ocrx_word' id='word_1_49' title='bbox 1079 1168 1235 1232; x_wconf 90' lang='lat' dir='ltr'>diabolica</span> <span class='ocrx_word' id='word_1_50' title='bbox 1252 1166 1383 1250; x_wconf 90' lang='lat' dir='ltr'>impedi-</span> 
     </span>
     <span class='ocr_line' id='line_1_8' title="bbox 234 1273 1383 1358; baseline -0.005 -16"><span class='ocrx_word' id='word_1_51' title='bbox 234 1281 342 1343; x_wconf 88' lang='lat' dir='ltr'>menta</span> <span class='ocrx_word' id='word_1_52' title='bbox 365 1275 544 1341; x_wconf 88' lang='lat' dir='ltr'>succideret</span> <span class='ocrx_word' id='word_1_53' title='bbox 567 1277 600 1339; x_wconf 91' lang='lat' dir='ltr'>et</span> <span class='ocrx_word' id='word_1_54' title='bbox 622 1274 818 1339; x_wconf 87' lang='lat' dir='ltr'>uniuersitas</span> <span class='ocrx_word' id='word_1_55' title='bbox 842 1273 881 1337; x_wconf 91' lang='lat' dir='ltr'>de</span> <span class='ocrx_word' id='word_1_56' title='bbox 910 1273 1098 1339; x_wconf 83' lang='lat' dir='ltr'>adunatione</span> <span class='ocrx_word' id='word_1_57' title='bbox 1125 1273 1286 1358; x_wconf 90' lang='lat' dir='ltr'>gauderet.</span> <span class='ocrx_word' id='word_1_58' title='bbox 1324 1274 1383 1338; x_wconf 90' lang='lat' dir='ltr'>hoc</span> 
     </span>
     <span class='ocr_line' id='line_1_9' title="bbox 233 1379 1383 1469; baseline -0.003 -21"><span class='ocrx_word' id='word_1_59' title='bbox 233 1384 393 1469; x_wconf 80' lang='lat' dir='ltr'>religioni,</span> <span class='ocrx_word' id='word_1_60' title='bbox 416 1384 477 1447; x_wconf 93' lang='lat' dir='ltr'>hoc</span> <span class='ocrx_word' id='word_1_61' title='bbox 500 1379 585 1461; x_wconf 86' lang='lat' dir='ltr'>fidei,</span> <span class='ocrx_word' id='word_1_62' title='bbox 609 1381 670 1445; x_wconf 93' lang='lat' dir='ltr'>hoc</span> <span class='ocrx_word' id='word_1_63' title='bbox 695 1380 859 1445; x_wconf 88' lang='lat' dir='ltr'>serenitati</span> <span class='ocrx_word' id='word_1_64' title='bbox 886 1384 1013 1446; x_wconf 85' lang='lat' dir='ltr'>uestrae</span> <span class='ocrx_word' id='word_1_65' title='bbox 1041 1380 1222 1463; x_wconf 87' lang='lat' dir='ltr'>specialiter</span> <span class='ocrx_word' id='word_1_66' title='bbox 1248 1380 1383 1446; x_wconf 85' lang='lat' dir='ltr'>caelitus</span> 
     </span>
     <span class='ocr_line' id='line_1_10' title="bbox 234 1487 1385 1571; baseline -0.003 -17"><span class='ocrx_word' id='word_1_67' title='bbox 234 1490 404 1555; x_wconf 89' lang='lat' dir='ltr'>mandatur</span> <span class='ocrx_word' id='word_1_68' title='bbox 423 1488 573 1566; x_wconf 84' lang='lat' dir='ltr'>officium,</span> <span class='ocrx_word' id='word_1_69' title='bbox 594 1488 711 1570; x_wconf 87' lang='lat' dir='ltr'>quibus</span> <span class='ocrx_word' id='word_1_70' title='bbox 731 1490 764 1552; x_wconf 92' lang='lat' dir='ltr'>et</span> <span class='ocrx_word' id='word_1_71' title='bbox 781 1506 876 1571; x_wconf 86' lang='lat' dir='ltr'>posse</span> <span class='ocrx_word' id='word_1_72' title='bbox 895 1488 1000 1552; x_wconf 88' lang='lat' dir='ltr'>omnia</span> <span class='ocrx_word' id='word_1_73' title='bbox 1019 1491 1051 1551; x_wconf 90' lang='lat' dir='ltr'>ct</span> <span class='ocrx_word' id='word_1_74' title='bbox 1067 1487 1216 1571; x_wconf 86' lang='lat' dir='ltr'>perficere</span> <span class='ocrx_word' id='word_1_75' title='bbox 1234 1488 1385 1552; x_wconf 86' lang='lat' dir='ltr'>uidemus</span> 
     </span>
     <span class='ocr_line' id='line_1_11' title="bbox 192 1580 1504 1677; baseline -0.002 -16"><span class='ocrx_word' id='word_1_76' title='bbox 192 1596 406 1673; x_wconf 69' lang='lat' dir='ltr'>cindnltnm.</span> <span class='ocrx_word' id='word_1_77' title='bbox 465 1596 573 1677; x_wconf 89' lang='lat' dir='ltr'>itaque</span> <span class='ocrx_word' id='word_1_78' title='bbox 606 1595 692 1659; x_wconf 89' lang='lat' dir='ltr'>sicut</span> <span class='ocrx_word' id='word_1_79' title='bbox 724 1594 915 1659; x_wconf 89' lang='lat' dir='ltr'>instituistis</span> <span class='ocrx_word' id='word_1_80' title='bbox 948 1595 1061 1671; x_wconf 82' lang='lat' dir='ltr'>iacere,</span> <span class='ocrx_word' id='word_1_81' title='bbox 1093 1597 1209 1659; x_wconf 86' lang='lat' dir='ltr'>nauata</span> <span class='ocrx_word' id='word_1_82' title='bbox 1242 1595 1386 1677; x_wconf 88' lang='lat' dir='ltr'>suscepti</span> <span class='ocrx_word' id='word_1_83' title='bbox 1404 1618 1429 1659; x_wconf 86' lang='lat' dir='ltr'>n</span> <span class='ocrx_word' id='word_1_84' title='bbox 1503 1580 1504 1583; x_wconf 26' lang='lat'>¹</span> 
     </span>
     <span class='ocr_line' id='line_1_12' title="bbox 236 1699 1385 1786; baseline -0.003 -18"><span class='ocrx_word' id='word_1_85' title='bbox 236 1703 339 1786; x_wconf 81' lang='lat' dir='ltr'>operis</span> <span class='ocrx_word' id='word_1_86' title='bbox 372 1722 500 1780; x_wconf 85' lang='lat' dir='ltr'>manus,</span> <span class='ocrx_word' id='word_1_87' title='bbox 540 1701 625 1783; x_wconf 92' lang='lat' dir='ltr'>quod</span> <span class='ocrx_word' id='word_1_88' title='bbox 658 1720 797 1782; x_wconf 86' lang='lat' dir='ltr'>superna</span> <span class='ocrx_word' id='word_1_89' title='bbox 829 1700 922 1765; x_wconf 91' lang='lat' dir='ltr'>uobis</span> <span class='ocrx_word' id='word_1_90' title='bbox 955 1699 1157 1782; x_wconf 88' lang='lat' dir='ltr'>prouidentia</span> <span class='ocrx_word' id='word_1_91' title='bbox 1187 1701 1305 1765; x_wconf 88' lang='lat' dir='ltr'>uidetis</span> <span class='ocrx_word' id='word_1_92' title='bbox 1337 1701 1385 1765; x_wconf 93' lang='lat' dir='ltr'>iu·</span> 
     </span>
     <span class='ocr_line' id='line_1_13' title="bbox 235 1807 1388 1892; baseline -0.002 -19"><span class='ocrx_word' id='word_1_93' title='bbox 235 1811 390 1873; x_wconf 88' lang='lat' dir='ltr'>iunctum.</span> <span class='ocrx_word' id='word_1_94' title='bbox 430 1813 462 1873; x_wconf 91' lang='lat' dir='ltr'>et</span> <span class='ocrx_word' id='word_1_95' title='bbox 490 1828 564 1874; x_wconf 87' lang='lat' dir='ltr'>uore</span> <span class='ocrx_word' id='word_1_96' title='bbox 594 1808 640 1873; x_wconf 89' lang='lat' dir='ltr'>sic</span> <span class='ocrx_word' id='word_1_97' title='bbox 671 1808 790 1887; x_wconf 86' lang='lat' dir='ltr'>decuit,</span> <span class='ocrx_word' id='word_1_98' title='bbox 818 1811 857 1873; x_wconf 91' lang='lat' dir='ltr'>ut</span> <span class='ocrx_word' id='word_1_99' title='bbox 887 1828 944 1892; x_wconf 90' lang='lat' dir='ltr'>per</span> <span class='ocrx_word' id='word_1_100' title='bbox 974 1808 1148 1891; x_wconf 87' lang='lat' dir='ltr'>principem</span> <span class='ocrx_word' id='word_1_101' title='bbox 1179 1826 1239 1890; x_wconf 82' lang='lat' dir='ltr'>pax</span> <span class='ocrx_word' id='word_1_102' title='bbox 1272 1807 1388 1872; x_wconf 89' lang='lat' dir='ltr'>debeat</span> 
     </span>
     <span class='ocr_line' id='line_1_14' title="bbox 236 1914 1388 1998; baseline -0.003 -18"><span class='ocrx_word' id='word_1_103' title='bbox 236 1916 315 1993; x_wconf 86' lang='lat' dir='ltr'>fieri,</span> <span class='ocrx_word' id='word_1_104' title='bbox 341 1936 434 1997; x_wconf 91' lang='lat' dir='ltr'>quam</span> <span class='ocrx_word' id='word_1_105' title='bbox 459 1916 637 1980; x_wconf 89' lang='lat' dir='ltr'>reuerentia</span> <span class='ocrx_word' id='word_1_106' title='bbox 660 1915 839 1980; x_wconf 91' lang='lat' dir='ltr'>diuinitatis</span> <span class='ocrx_word' id='word_1_107' title='bbox 864 1915 1022 1998; x_wconf 80' lang='lat' dir='ltr'>exposcit:</span> <span class='ocrx_word' id='word_1_108' title='bbox 1047 1914 1119 1978; x_wconf 88' lang='lat' dir='ltr'>date</span> <span class='ocrx_word' id='word_1_109' title='bbox 1141 1915 1199 1979; x_wconf 80' lang='lat' dir='ltr'>luas</span> <span class='ocrx_word' id='word_1_110' title='bbox 1223 1914 1388 1996; x_wconf 86' lang='lat' dir='ltr'>adsumpti</span> 
     </span>
     <span class='ocr_line' id='line_1_15' title="bbox 237 2020 1387 2105; baseline 0 -19"><span class='ocrx_word' id='word_1_111' title='bbox 237 2022 294 2087; x_wconf 94' lang='lat' dir='ltr'>deo</span> <span class='ocrx_word' id='word_1_112' title='bbox 319 2025 429 2086; x_wconf 85' lang='lat' dir='ltr'>nostro</span> <span class='ocrx_word' id='word_1_113' title='bbox 454 2022 630 2086; x_wconf 89' lang='lat' dir='ltr'>oblationes</span> <span class='ocrx_word' id='word_1_114' title='bbox 653 2022 789 2105; x_wconf 86' lang='lat' dir='ltr'>imperii,</span> <span class='ocrx_word' id='word_1_115' title='bbox 813 2026 850 2086; x_wconf 91' lang='lat' dir='ltr'>nt</span> <span class='ocrx_word' id='word_1_116' title='bbox 872 2041 928 2104; x_wconf 84' lang='lat' dir='ltr'>per·</span> <span class='ocrx_word' id='word_1_117' title='bbox 950 2040 1009 2087; x_wconf 90' lang='lat' dir='ltr'>uos</span> <span class='ocrx_word' id='word_1_118' title='bbox 1033 2020 1136 2104; x_wconf 88' lang='lat' dir='ltr'>possit</span> <span class='ocrx_word' id='word_1_119' title='bbox 1153 2021 1241 2104; x_wconf 87' lang='lat' dir='ltr'>pacis</span> <span class='ocrx_word' id='word_1_120' title='bbox 1260 2022 1387 2086; x_wconf 87' lang='lat' dir='ltr'>fruetus</span> 
     </span>
     <span class='ocr_line' id='line_1_16' title="bbox 236 2128 1432 2213; baseline -0.002 -20"><span class='ocrx_word' id='word_1_121' title='bbox 236 2128 372 2213; x_wconf 83' lang='lat' dir='ltr'>impleri.</span> <span class='ocrx_word' id='word_1_122' title='bbox 411 2128 478 2192; x_wconf 89' lang='lat' dir='ltr'>sine</span> <span class='ocrx_word' id='word_1_123' title='bbox 507 2128 604 2193; x_wconf 90' lang='lat' dir='ltr'>dubio</span> <span class='ocrx_word' id='word_1_124' title='bbox 629 2128 782 2210; x_wconf 85' lang='lat' dir='ltr'>quicquid</span> <span class='ocrx_word' id='word_1_125' title='bbox 805 2128 863 2193; x_wconf 86' lang='lat' dir='ltr'>tali</span> <span class='ocrx_word' id='word_1_126' title='bbox 885 2129 968 2193; x_wconf 88' lang='lat' dir='ltr'>facto</span> <span class='ocrx_word' id='word_1_127' title='bbox 993 2128 1116 2192; x_wconf 90' lang='lat' dir='ltr'>animae</span> <span class='ocrx_word' id='word_1_128' title='bbox 1139 2131 1265 2193; x_wconf 86' lang='lat' dir='ltr'>uestrae</span> <span class='ocrx_word' id='word_1_129' title='bbox 1287 2129 1389 2193; x_wconf 88' lang='lat' dir='ltr'>fuerit</span> <span class='ocrx_word' id='word_1_130' title='bbox 1406 2148 1432 2191; x_wconf 81' lang='lat' dir='ltr'>n</span> 
     </span>
     <span class='ocr_line' id='line_1_17' title="bbox 194 2234 1504 2319; baseline 0.002 -21"><span class='ocrx_word' id='word_1_131' title='bbox 194 2251 212 2314; x_wconf 82' lang='lat'><strong>7</strong></span> <span class='ocrx_word' id='word_1_132' title='bbox 237 2235 437 2317; x_wconf 78' lang='lat' dir='ltr'>praestitum,</span> <span class='ocrx_word' id='word_1_133' title='bbox 458 2254 476 2299; x_wconf 93' lang='lat' dir='ltr'>a</span> <span class='ocrx_word' id='word_1_134' title='bbox 498 2235 592 2300; x_wconf 91' lang='lat' dir='ltr'>uobis</span> <span class='ocrx_word' id='word_1_135' title='bbox 614 2235 733 2300; x_wconf 93' lang='lat' dir='ltr'>mundo</span> <span class='ocrx_word' id='word_1_136' title='bbox 756 2234 917 2300; x_wconf 89' lang='lat' dir='ltr'>iudicatur</span> <span class='ocrx_word' id='word_1_137' title='bbox 938 2235 1127 2317; x_wconf 88' lang='lat' dir='ltr'>impensum.</span> <span class='ocrx_word' id='word_1_138' title='bbox 1177 2254 1329 2319; x_wconf 89' lang='lat' dir='ltr'>maguum</span> <span class='ocrx_word' id='word_1_139' title='bbox 1355 2240 1390 2301; x_wconf 86' lang='lat' dir='ltr'>et</span> <span class='ocrx_word' id='word_1_140' title='bbox 1503 2256 1504 2317; x_wconf 53' lang='lat' dir='ltr'>l</span> 
     </span>
     <span class='ocr_line' id='line_1_18' title="bbox 237 2341 1390 2425; baseline 0.002 -20"><span class='ocrx_word' id='word_1_141' title='bbox 237 2342 472 2406; x_wconf 90' lang='lat' dir='ltr'>inaestimabile</span> <span class='ocrx_word' id='word_1_142' title='bbox 496 2346 555 2418; x_wconf 80' lang='lat' dir='ltr'>est,</span> <span class='ocrx_word' id='word_1_143' title='bbox 580 2342 773 2407; x_wconf 86' lang='lat' dir='ltr'>uenerabilis</span> <span class='ocrx_word' id='word_1_144' title='bbox 797 2342 978 2425; x_wconf 83' lang='lat' dir='ltr'>imperator,</span> <span class='ocrx_word' id='word_1_145' title='bbox 1002 2344 1131 2424; x_wconf 86' lang='lat' dir='ltr'>propter</span> <span class='ocrx_word' id='word_1_146' title='bbox 1158 2341 1243 2423; x_wconf 90' lang='lat' dir='ltr'>quod</span> <span class='ocrx_word' id='word_1_147' title='bbox 1270 2341 1390 2407; x_wconf 87' lang='lat' dir='ltr'>adsciti</span> 
     </span>
     <span class='ocr_line' id='line_1_19' title="bbox 238 2447 1504 2532; baseline 0.004 -19"><span class='ocrx_word' id='word_1_148' title='bbox 238 2448 315 2513; x_wconf 89' lang='lat' dir='ltr'>estis</span> <span class='ocrx_word' id='word_1_149' title='bbox 343 2447 463 2514; x_wconf 91' lang='lat' dir='ltr'>iudicio</span> <span class='ocrx_word' id='word_1_150' title='bbox 493 2448 683 2514; x_wconf 87' lang='lat' dir='ltr'>diuinitatis.</span> <span class='ocrx_word' id='word_1_151' title='bbox 722 2447 947 2514; x_wconf 90' lang='lat' dir='ltr'>distenduntur</span> <span class='ocrx_word' id='word_1_152' title='bbox 974 2466 1047 2514; x_wconf 89' lang='lat' dir='ltr'>ecce</span> <span class='ocrx_word' id='word_1_153' title='bbox 1071 2451 1148 2514; x_wconf 88' lang='lat' dir='ltr'>uota</span> <span class='ocrx_word' id='word_1_154' title='bbox 1169 2467 1281 2532; x_wconf 89' lang='lat' dir='ltr'>pacem</span> <span class='ocrx_word' id='word_1_155' title='bbox 1304 2448 1390 2515; x_wconf 88' lang='lat' dir='ltr'>desi·</span> <span class='ocrx_word' id='word_1_156' title='bbox 1503 2478 1504 2518; x_wconf 55' lang='lat' dir='ltr'>u</span> 
     </span>
     <span class='ocr_line' id='line_1_20' title="bbox 238 2555 1390 2639; baseline 0 -19"><span class='ocrx_word' id='word_1_157' title='bbox 238 2555 427 2633; x_wconf 76' lang='lat' dir='ltr'>derandum,</span> <span class='ocrx_word' id='word_1_158' title='bbox 453 2556 595 2620; x_wconf 90' lang='lat' dir='ltr'>dintumi</span> <span class='ocrx_word' id='word_1_159' title='bbox 622 2556 775 2639; x_wconf 88' lang='lat' dir='ltr'>temporis</span> <span class='ocrx_word' id='word_1_160' title='bbox 802 2559 907 2620; x_wconf 86' lang='lat' dir='ltr'>tractu</span> <span class='ocrx_word' id='word_1_161' title='bbox 934 2558 1054 2620; x_wconf 86' lang='lat' dir='ltr'>maeret</span> <span class='ocrx_word' id='word_1_162' title='bbox 1077 2555 1282 2620; x_wconf 87' lang='lat' dir='ltr'>ecclesiarum</span> <span class='ocrx_word' id='word_1_163' title='bbox 1306 2556 1390 2620; x_wconf 91' lang='lat' dir='ltr'>indi-</span> 
     </span>
     <span class='ocr_line' id='line_1_21' title="bbox 236 2661 1434 2746; baseline 0 -20"><span class='ocrx_word' id='word_1_164' title='bbox 236 2662 377 2727; x_wconf 91' lang='lat' dir='ltr'>nisibilis</span> <span class='ocrx_word' id='word_1_165' title='bbox 402 2662 538 2727; x_wconf 89' lang='lat' dir='ltr'>discissa</span> <span class='ocrx_word' id='word_1_166' title='bbox 562 2663 754 2740; x_wconf 86' lang='lat' dir='ltr'>communio,</span> <span class='ocrx_word' id='word_1_167' title='bbox 774 2681 835 2728; x_wconf 94' lang='lat' dir='ltr'>non</span> <span class='ocrx_word' id='word_1_168' title='bbox 860 2662 926 2727; x_wconf 88' lang='lat' dir='ltr'>sine</span> <span class='ocrx_word' id='word_1_169' title='bbox 951 2661 1074 2746; x_wconf 91' lang='lat' dir='ltr'>gemitu</span> <span class='ocrx_word' id='word_1_170' title='bbox 1098 2662 1255 2745; x_wconf 88' lang='lat' dir='ltr'>discrepat</span> <span class='ocrx_word' id='word_1_171' title='bbox 1276 2663 1390 2728; x_wconf 82' lang='lat' dir='ltr'>frater-</span> <span class='ocrx_word' id='word_1_172' title='bbox 1408 2687 1434 2726; x_wconf 69' lang='lat' dir='ltr'>so</span> 
     </span>
     <span class='ocr_line' id='line_1_22' title="bbox 194 2767 1390 2854; baseline 0.002 -21"><span class='ocrx_word' id='word_1_173' title='bbox 194 2785 213 2848; x_wconf 78' lang='lat'>8</span> <span class='ocrx_word' id='word_1_174' title='bbox 238 2769 331 2846; x_wconf 83' lang='lat' dir='ltr'>uitas,</span> <span class='ocrx_word' id='word_1_175' title='bbox 350 2788 422 2833; x_wconf 91' lang='lat' dir='ltr'>cum</span> <span class='ocrx_word' id='word_1_176' title='bbox 443 2768 526 2834; x_wconf 87' lang='lat' dir='ltr'>circa</span> <span class='ocrx_word' id='word_1_177' title='bbox 544 2772 670 2852; x_wconf 85' lang='lat' dir='ltr'>patrum</span> <span class='ocrx_word' id='word_1_178' title='bbox 686 2769 834 2853; x_wconf 86' lang='lat' dir='ltr'>dogmata</span> <span class='ocrx_word' id='word_1_179' title='bbox 852 2769 941 2832; x_wconf 91' lang='lat' dir='ltr'>uaria</span> <span class='ocrx_word' id='word_1_180' title='bbox 960 2767 1002 2832; x_wconf 86' lang='lat' dir='ltr'>sit</span> <span class='ocrx_word' id='word_1_181' title='bbox 1020 2770 1180 2835; x_wconf 89' lang='lat' dir='ltr'>uoluntas.</span> <span class='ocrx_word' id='word_1_182' title='bbox 1228 2769 1390 2854; x_wconf 85' lang='lat' dir='ltr'>accingite</span> 
     </span>
     <span class='ocr_line' id='line_1_23' title="bbox 237 2874 1391 2959; baseline 0.004 -21"><span class='ocrx_word' id='word_1_183' title='bbox 237 2894 311 2959; x_wconf 87' lang='lat' dir='ltr'>ergo</span> <span class='ocrx_word' id='word_1_184' title='bbox 331 2875 458 2940; x_wconf 87' lang='lat' dir='ltr'>lumbos</span> <span class='ocrx_word' id='word_1_185' title='bbox 477 2876 602 2940; x_wconf 88' lang='lat' dir='ltr'>uiribus</span> <span class='ocrx_word' id='word_1_186' title='bbox 621 2875 711 2949; x_wconf 83' lang='lat' dir='ltr'>fidei;</span> <span class='ocrx_word' id='word_1_187' title='bbox 737 2875 856 2951; x_wconf 84' lang='lat' dir='ltr'>uidete,</span> <span class='ocrx_word' id='word_1_188' title='bbox 881 2874 932 2938; x_wconf 91' lang='lat' dir='ltr'>cui</span> <span class='ocrx_word' id='word_1_189' title='bbox 956 2895 1014 2940; x_wconf 88' lang='lat' dir='ltr'>uos</span> <span class='ocrx_word' id='word_1_190' title='bbox 1038 2875 1105 2958; x_wconf 89' lang='lat' dir='ltr'>regi</span> <span class='ocrx_word' id='word_1_191' title='bbox 1128 2875 1280 2940; x_wconf 91' lang='lat' dir='ltr'>diuinitas</span> <span class='ocrx_word' id='word_1_192' title='bbox 1305 2879 1391 2943; x_wconf 91' lang='lat' dir='ltr'>uelit</span> 
     </span>
     <span class='ocr_line' id='line_1_24' title="bbox 237 2981 1504 3066; baseline 0.003 -20"><span class='ocrx_word' id='word_1_193' title='bbox 237 2981 379 3065; x_wconf 85' lang='lat' dir='ltr'>obsequi,</span> <span class='ocrx_word' id='word_1_194' title='bbox 400 2985 553 3064; x_wconf 87' lang='lat' dir='ltr'>quantum</span> <span class='ocrx_word' id='word_1_195' title='bbox 579 2982 622 3047; x_wconf 85' lang='lat' dir='ltr'>eit</span> <span class='ocrx_word' id='word_1_196' title='bbox 643 2981 726 3064; x_wconf 93' lang='lat' dir='ltr'>quod</span> <span class='ocrx_word' id='word_1_197' title='bbox 746 3001 802 3066; x_wconf 89' lang='lat' dir='ltr'>per</span> <span class='ocrx_word' id='word_1_198' title='bbox 820 3000 879 3046; x_wconf 92' lang='lat' dir='ltr'>uos</span> <span class='ocrx_word' id='word_1_199' title='bbox 899 2985 1047 3065; x_wconf 86' lang='lat' dir='ltr'>procurat</span> <span class='ocrx_word' id='word_1_200' title='bbox 1064 2982 1206 3064; x_wconf 88' lang='lat' dir='ltr'>impleri:</span> <span class='ocrx_word' id='word_1_201' title='bbox 1232 2983 1390 3049; x_wconf 90' lang='lat' dir='ltr'>ecclesiae</span> <span class='ocrx_word' id='word_1_202' title='bbox 1503 2983 1504 3062; x_wconf 59' lang='lat' dir='ltr'>l</span> 
     </span>
     <span class='ocr_line' id='line_1_25' title="bbox 237 3087 1391 3171; baseline 0.006 -20"><span class='ocrx_word' id='word_1_203' title='bbox 237 3088 432 3153; x_wconf 89' lang='lat' dir='ltr'>uenerandae</span> <span class='ocrx_word' id='word_1_204' title='bbox 465 3107 591 3171; x_wconf 82' lang='lat' dir='ltr'>corpus,</span> <span class='ocrx_word' id='word_1_205' title='bbox 626 3088 710 3171; x_wconf 88' lang='lat' dir='ltr'>quod</span> <span class='ocrx_word' id='word_1_206' title='bbox 747 3087 876 3171; x_wconf 89' lang='lat' dir='ltr'>propria</span> <span class='ocrx_word' id='word_1_207' title='bbox 909 3087 1055 3154; x_wconf 83' lang='lat' dir='ltr'>Christus</span> <span class='ocrx_word' id='word_1_208' title='bbox 1092 3091 1201 3153; x_wconf 89' lang='lat' dir='ltr'>noster</span> <span class='ocrx_word' id='word_1_209' title='bbox 1235 3091 1391 3171; x_wconf 89' lang='lat' dir='ltr'>passione</span> 
     </span>
     <span class='ocr_line' id='line_1_26' title="bbox 235 3193 1436 3279; baseline 0.003 -21"><span class='ocrx_word' id='word_1_210' title='bbox 235 3193 393 3272; x_wconf 86' lang='lat' dir='ltr'>fundauit,</span> <span class='ocrx_word' id='word_1_211' title='bbox 412 3195 531 3278; x_wconf 89' lang='lat' dir='ltr'>gloriae</span> <span class='ocrx_word' id='word_1_212' title='bbox 554 3198 680 3258; x_wconf 86' lang='lat' dir='ltr'>uestrae</span> <span class='ocrx_word' id='word_1_213' title='bbox 705 3194 843 3258; x_wconf 88' lang='lat' dir='ltr'>adunare</span> <span class='ocrx_word' id='word_1_214' title='bbox 867 3195 961 3258; x_wconf 85' lang='lat' dir='ltr'>factis</span> <span class='ocrx_word' id='word_1_215' title='bbox 985 3194 1137 3261; x_wconf 86' lang='lat' dir='ltr'>instituit.</span> <span class='ocrx_word' id='word_1_216' title='bbox 1160 3215 1220 3260; x_wconf 90' lang='lat' dir='ltr'>uon</span> <span class='ocrx_word' id='word_1_217' title='bbox 1241 3200 1302 3273; x_wconf 79' lang='lat' dir='ltr'>est,</span> <span class='ocrx_word' id='word_1_218' title='bbox 1324 3218 1391 3279; x_wconf 90' lang='lat' dir='ltr'>quo</span> <span class='ocrx_word' id='word_1_219' title='bbox 1410 3221 1436 3262; x_wconf 79' lang='lat' dir='ltr'>aa</span> 
     </span>
     <span class='ocr_line' id='line_1_27' title="bbox 237 3300 1393 3385; baseline 0.005 -21"><span class='ocrx_word' id='word_1_220' title='bbox 237 3301 341 3385; x_wconf 90' lang='lat' dir='ltr'>magis</span> <span class='ocrx_word' id='word_1_221' title='bbox 370 3301 454 3365; x_wconf 88' lang='lat' dir='ltr'>circa</span> <span class='ocrx_word' id='word_1_222' title='bbox 481 3319 541 3366; x_wconf 86' lang='lat' dir='ltr'>uos</span> <span class='ocrx_word' id='word_1_223' title='bbox 570 3300 690 3385; x_wconf 89' lang='lat' dir='ltr'>gratiae</span> <span class='ocrx_word' id='word_1_224' title='bbox 720 3319 874 3382; x_wconf 88' lang='lat' dir='ltr'>supernae</span> <span class='ocrx_word' id='word_1_225' title='bbox 902 3301 1054 3366; x_wconf 90' lang='lat' dir='ltr'>maiestas</span> <span class='ocrx_word' id='word_1_226' title='bbox 1078 3301 1212 3380; x_wconf 83' lang='lat' dir='ltr'>eluceat,</span> <span class='ocrx_word' id='word_1_227' title='bbox 1237 3322 1334 3384; x_wconf 88' lang='lat' dir='ltr'>quam</span> <span class='ocrx_word' id='word_1_228' title='bbox 1363 3307 1393 3371; x_wconf 85' lang='lat' dir='ltr'>si</span> 
     </span>
     <span class='ocr_line' id='line_1_28' title="bbox 237 3407 1504 3494; baseline 0.002 -21"><span class='ocrx_word' id='word_1_229' title='bbox 237 3408 390 3473; x_wconf 88' lang='lat' dir='ltr'>ecclesiae</span> <span class='ocrx_word' id='word_1_230' title='bbox 423 3427 539 3492; x_wconf 87' lang='lat' dir='ltr'>corpus</span> <span class='ocrx_word' id='word_1_231' title='bbox 575 3427 633 3491; x_wconf 91' lang='lat' dir='ltr'>per</span> <span class='ocrx_word' id='word_1_232' title='bbox 669 3411 814 3472; x_wconf 88' lang='lat' dir='ltr'>uestrum</span> <span class='ocrx_word' id='word_1_233' title='bbox 851 3410 1014 3492; x_wconf 89' lang='lat' dir='ltr'>reparetur</span> <span class='ocrx_word' id='word_1_234' title='bbox 1044 3407 1186 3473; x_wconf 87' lang='lat' dir='ltr'>officinm</span> <span class='ocrx_word' id='word_1_235' title='bbox 1219 3412 1392 3494; x_wconf 85' lang='lat' dir='ltr'>sanguinis</span> <span class='ocrx_word' id='word_1_236' title='bbox 1503 3455 1504 3486; x_wconf 48' lang='lat'>2</span> 
     </span>
     <span class='ocr_line' id='line_1_29' title="bbox 193 3514 1391 3596; baseline 0.002 -17"><span class='ocrx_word' id='word_1_237' title='bbox 193 3531 212 3594; x_wconf 85' lang='lat'>9</span> <span class='ocrx_word' id='word_1_238' title='bbox 237 3514 387 3579; x_wconf 90' lang='lat' dir='ltr'>dominici</span> <span class='ocrx_word' id='word_1_239' title='bbox 418 3515 635 3596; x_wconf 87' lang='lat' dir='ltr'>redemptione</span> <span class='ocrx_word' id='word_1_240' title='bbox 666 3514 849 3579; x_wconf 89' lang='lat' dir='ltr'>formatum.</span> <span class='ocrx_word' id='word_1_241' title='bbox 914 3517 964 3579; x_wconf 87' lang='lat' dir='ltr'>est</span> <span class='ocrx_word' id='word_1_242' title='bbox 991 3515 1119 3596; x_wconf 90' lang='lat' dir='ltr'>quidem</span> <span class='ocrx_word' id='word_1_243' title='bbox 1148 3533 1260 3580; x_wconf 90' lang='lat' dir='ltr'>causae</span> <span class='ocrx_word' id='word_1_244' title='bbox 1289 3517 1391 3582; x_wconf 91' lang='lat' dir='ltr'>huius</span> 
     </span>
     <span class='ocr_line' id='line_1_30' title="bbox 235 3620 1504 3702; baseline 0.004 -18"><span class='ocrx_word' id='word_1_245' title='bbox 235 3621 460 3684; x_wconf 88' lang='lat' dir='ltr'>uetustissima</span> <span class='ocrx_word' id='word_1_246' title='bbox 483 3621 660 3696; x_wconf 80' lang='lat' dir='ltr'>calamitas,</span> <span class='ocrx_word' id='word_1_247' title='bbox 689 3620 746 3685; x_wconf 89' lang='lat' dir='ltr'>sed</span> <span class='ocrx_word' id='word_1_248' title='bbox 769 3641 824 3702; x_wconf 91' lang='lat' dir='ltr'>pro</span> <span class='ocrx_word' id='word_1_249' title='bbox 848 3621 1046 3686; x_wconf 89' lang='lat' dir='ltr'>immanitate</span> <span class='ocrx_word' id='word_1_250' title='bbox 1071 3621 1122 3686; x_wconf 90' lang='lat' dir='ltr'>sui</span> <span class='ocrx_word' id='word_1_251' title='bbox 1144 3623 1392 3690; x_wconf 85' lang='lat' dir='ltr'>recentissimus</span> <span class='ocrx_word' id='word_1_252' title='bbox 1503 3629 1504 3702; x_wconf 51' lang='grc' dir='ltr'>ζ</span> 
     </span>
     <span class='ocr_line' id='line_1_31' title="bbox 237 3707 1504 3812; baseline 0.009 -22"><span class='ocrx_word' id='word_1_253' title='bbox 237 3726 328 3791; x_wconf 89' lang='lat' dir='ltr'>dolor</span> <span class='ocrx_word' id='word_1_254' title='bbox 360 3730 392 3790; x_wconf 91' lang='lat' dir='ltr'>et</span> <span class='ocrx_word' id='word_1_255' title='bbox 423 3729 512 3791; x_wconf 88' lang='lat' dir='ltr'>tauto</span> <span class='ocrx_word' id='word_1_256' title='bbox 547 3725 736 3792; x_wconf 86' lang='lat' dir='ltr'>Christianis</span> <span class='ocrx_word' id='word_1_257' title='bbox 775 3727 888 3792; x_wconf 89' lang='lat' dir='ltr'>animis</span> <span class='ocrx_word' id='word_1_258' title='bbox 925 3727 1036 3792; x_wconf 86' lang='lat' dir='ltr'>fortior</span> <span class='ocrx_word' id='word_1_259' title='bbox 1072 3729 1226 3812; x_wconf 81' lang='lat' dir='ltr'>gemitus,</span> <span class='ocrx_word' id='word_1_260' title='bbox 1266 3735 1392 3812; x_wconf 89' lang='lat' dir='ltr'>quanto</span> <span class='ocrx_word' id='word_1_261' title='bbox 1411 3759 1437 3799; x_wconf 81' lang='lat' dir='ltr'>ro</span> <span class='ocrx_word' id='word_1_262' title='bbox 1503 3707 1504 3802; x_wconf 50' lang='grc' dir='ltr'>Ῐ</span> 
     </span>
    </p>
   </div>
   <div class='ocr_carea' id='block_1_3' title="bbox 237 4003 1504 4427">
    <p class='ocr_par' dir='ltr' id='par_1_3' title="bbox 237 4003 1504 4341">
     <span class='ocr_line' id='line_1_32' title="bbox 272 4003 1504 4076; baseline 0.007 -20"><span class='ocrx_word' id='word_1_263' title='bbox 272 4003 527 4073; x_wconf 71' lang='lat' dir='ltr'>lmagieatatieV</span> <span class='ocrx_word' id='word_1_264' title='bbox 615 4003 791 4074; x_wconf 89' lang='lat' dir='ltr'>3probitans</span> <span class='ocrx_word' id='word_1_265' title='bbox 814 4004 841 4059; x_wconf 91' lang='lat' dir='ltr'><em>V</em></span> <span class='ocrx_word' id='word_1_266' title='bbox 928 4003 1099 4075; x_wconf 85' lang='lat' dir='ltr'>4adqueV</span> <span class='ocrx_word' id='word_1_267' title='bbox 1170 4007 1294 4076; x_wconf 84' lang='lat' dir='ltr'>prouexit</span> <span class='ocrx_word' id='word_1_268' title='bbox 1314 4009 1391 4064; x_wconf 82' lang='lat' dir='ltr'>Bar.</span> <span class='ocrx_word' id='word_1_269' title='bbox 1503 4005 1504 4064; x_wconf 70' lang='grc' dir='ltr'>Ῐ</span> 
     </span>
     <span class='ocr_line' id='line_1_33' title="bbox 237 4085 1504 4165; baseline 0.006 -19"><span class='ocrx_word' id='word_1_270' title='bbox 237 4091 404 4146; x_wconf 86' lang='lat' dir='ltr'>5diuisores</span> <span class='ocrx_word' id='word_1_271' title='bbox 430 4091 458 4155; x_wconf 88' lang='lat' dir='ltr'>V,</span> <span class='ocrx_word' id='word_1_272' title='bbox 477 4107 545 4146; x_wconf 85' lang='lat' dir='ltr'>corr.</span> <span class='ocrx_word' id='word_1_273' title='bbox 566 4091 593 4162; x_wconf 63' lang='grc' dir='ltr'>ρ’</span> <span class='ocrx_word' id='word_1_274' title='bbox 648 4093 859 4148; x_wconf 79' lang='lat' dir='ltr'>lsuccedcrent</span> <span class='ocrx_word' id='word_1_275' title='bbox 883 4093 913 4156; x_wconf 86' lang='lat' dir='ltr'>V,</span> <span class='ocrx_word' id='word_1_276' title='bbox 933 4109 1003 4151; x_wconf 80' lang='lat' dir='ltr'>corr.</span> <span class='ocrx_word' id='word_1_277' title='bbox 1021 4095 1092 4148; x_wconf 85' lang='lat' dir='ltr'>Bar.</span> <span class='ocrx_word' id='word_1_278' title='bbox 1150 4096 1183 4149; x_wconf 86' lang='lat'>13</span> <span class='ocrx_word' id='word_1_279' title='bbox 1202 4098 1342 4165; x_wconf 78' lang='lat' dir='ltr'>exposscit</span> <span class='ocrx_word' id='word_1_280' title='bbox 1369 4100 1397 4153; x_wconf 85' lang='lat' dir='ltr'><strong><em>V</em></strong></span> <span class='ocrx_word' id='word_1_281' title='bbox 1503 4085 1504 4144; x_wconf 57' lang='grc' dir='ltr'>ἶ</span> 
     </span>
     <span class='ocr_line' id='line_1_34' title="bbox 237 4179 1504 4251; baseline 0.006 -17"><span class='ocrx_word' id='word_1_282' title='bbox 237 4179 404 4234; x_wconf 84' lang='lat' dir='ltr'>adsumtiV</span> <span class='ocrx_word' id='word_1_283' title='bbox 457 4180 491 4234; x_wconf 84' lang='lat'>14</span> <span class='ocrx_word' id='word_1_284' title='bbox 509 4182 611 4250; x_wconf 86' lang='lat' dir='ltr'>posscit</span> <span class='ocrx_word' id='word_1_285' title='bbox 634 4181 660 4234; x_wconf 92' lang='lat' dir='ltr'><strong><em>V</em></strong></span> <span class='ocrx_word' id='word_1_286' title='bbox 728 4183 803 4250; x_wconf 87' lang='lat' dir='ltr'>pacis</span> <span class='ocrx_word' id='word_1_287' title='bbox 823 4199 856 4236; x_wconf 81' lang='lat' dir='ltr'>ex</span> <span class='ocrx_word' id='word_1_288' title='bbox 874 4183 1014 4251; x_wconf 89' lang='lat' dir='ltr'>paucisV</span> <span class='ocrx_word' id='word_1_289' title='bbox 1069 4185 1101 4238; x_wconf 80' lang='lat'>17</span> <span class='ocrx_word' id='word_1_290' title='bbox 1122 4181 1204 4238; x_wconf 81' lang='lat' dir='ltr'>adelti</span> <span class='ocrx_word' id='word_1_291' title='bbox 1228 4183 1259 4248; x_wconf 90' lang='lat' dir='ltr'>V,</span> <span class='ocrx_word' id='word_1_292' title='bbox 1279 4201 1392 4241; x_wconf 81' lang='lat' dir='ltr'>corr-o</span> <span class='ocrx_word' id='word_1_293' title='bbox 1503 4187 1504 4190; x_wconf 70' lang='grc'>’</span> 
     </span>
     <span class='ocr_line' id='line_1_35' title="bbox 239 4265 1393 4341; baseline 0.008 -20"><span class='ocrx_word' id='word_1_294' title='bbox 239 4269 272 4321; x_wconf 89' lang='grc'>19</span> <span class='ocrx_word' id='word_1_295' title='bbox 290 4270 377 4320; x_wconf 85' lang='lat' dir='ltr'>rueret</span> <span class='ocrx_word' id='word_1_296' title='bbox 396 4265 433 4322; x_wconf 83' lang='lat'>0²:</span> <span class='ocrx_word' id='word_1_297' title='bbox 452 4269 615 4322; x_wconf 86' lang='lat' dir='ltr'>mereretV</span> <span class='ocrx_word' id='word_1_298' title='bbox 667 4270 702 4324; x_wconf 91' lang='grc'>20</span> <span class='ocrx_word' id='word_1_299' title='bbox 721 4269 833 4324; x_wconf 85' lang='lat' dir='ltr'>dissieea</span> <span class='ocrx_word' id='word_1_300' title='bbox 856 4269 883 4324; x_wconf 90' lang='lat' dir='ltr'><strong><em>V</em></strong></span> <span class='ocrx_word' id='word_1_301' title='bbox 944 4271 978 4323; x_wconf 91' lang='grc'>22</span> <span class='ocrx_word' id='word_1_302' title='bbox 997 4272 1054 4341; x_wconf 88' lang='lat' dir='ltr'>regi</span> <span class='ocrx_word' id='word_1_303' title='bbox 1077 4269 1115 4325; x_wconf 90' lang='lat' dir='ltr'>V:</span> <span class='ocrx_word' id='word_1_304' title='bbox 1133 4272 1172 4326; x_wconf 90' lang='lat' dir='ltr'>rei</span> <span class='ocrx_word' id='word_1_305' title='bbox 1191 4271 1217 4340; x_wconf 66' lang='lat' dir='ltr'>pl</span> <span class='ocrx_word' id='word_1_306' title='bbox 1272 4273 1307 4328; x_wconf 86' lang='grc'>26</span> <span class='ocrx_word' id='word_1_307' title='bbox 1328 4291 1393 4330; x_wconf 90' lang='lat' dir='ltr'>ma·</span> 
     </span>
    </p>

    <p class='ocr_par' dir='ltr' id='par_1_4' title="bbox 237 4356 1504 4427">
     <span class='ocr_line' id='line_1_36' title="bbox 237 4356 1504 4427; baseline 0.005 -17"><span class='ocrx_word' id='word_1_308' title='bbox 237 4360 328 4427; x_wconf 85' lang='lat' dir='ltr'>gestas</span> <span class='ocrx_word' id='word_1_309' title='bbox 351 4356 379 4409; x_wconf 89' lang='lat' dir='ltr'><strong><em>V</em></strong></span> <span class='ocrx_word' id='word_1_310' title='bbox 1503 4365 1504 4370; x_wconf 76' lang='grc'>’</span> 
     </span>
    </p>
   </div>
   <div class='ocr_carea' id='block_1_4' title="bbox 0 0 1527 4975">
    <p class='ocr_par' dir='ltr' id='par_1_5' title="bbox 0 0 1527 4975">
     <span class='ocr_line' id='line_1_37' title="bbox 0 0 1527 4975; baseline 0 0"><span class='ocrx_word' id='word_1_311' title='bbox 0 0 1527 4975; x_wconf 95' lang='lat' dir='ltr'> </span> 
     </span>
    </p>
   </div>
  </div>
 </body>
</html>
