3025 4975
486 480 572 549 apsa
592 479 662 535 eux
680 482 697 534 5
715 510 750 521 -
772 479 855 536 cnm
874 480 898 535 a
1198 488 1263 550 613

127 672 240 739 tissime
251 674 439 757 gubernanti
449 674 634 739 annuntiare
649 675 709 740 tibi
725 693 836 757 pacem
850 676 938 761 pacis
954 676 1019 743 filio
1030 698 1090 741 non
1104 680 1262 757 cunetaui,

129 779 155 843 iu
179 782 322 846 omnibus
354 782 410 847 deo
442 781 673 861 amantissime,
701 786 739 847 nt
766 782 849 847 illud
876 782 1028 867 gaudium
1059 785 1166 862 salias,
1201 805 1263 869 quo

129 886 219 953 Dauid
242 889 371 971 quidem
395 888 571 953 seeundum
593 890 699 973 legem
722 890 754 954 in
780 909 869 956 arcae
895 891 944 956 dei
963 892 1164 957 reuocatione
1183 892 1263 977 figu-

128 995 221 1061 raliter
253 997 425 1075 exultabat,
458 996 596 1079 apostoli
627 1016 703 1063 uero
736 1018 792 1080 per
824 998 958 1083 gratiam
989 1000 1144 1064 ueraciter
1165 998 1264 1063 laeta·

104 1099 237 1168 statur.
306 1104 410 1188 gaude
437 1104 546 1187 itaque
573 1105 606 1169 in
635 1105 763 1170 domino
792 1105 944 1190 gaudium
972 1108 1046 1170 tuae
1070 1106 1261 1170 conueniens
1287 1104 1307 1166 5

128 1210 274 1275 sanctitati
293 1214 326 1275 et
345 1210 448 1276 scribe
463 1231 510 1289 ea,
535 1231 615 1294 quae
631 1215 775 1278 uestrum
793 1212 966 1296 benignum
984 1212 1124 1277 animum
1140 1212 1261 1289 decent,

127 1312 205 1383 homo
229 1317 296 1383 dei!
321 1337 404 1392 nam,
424 1338 505 1401 quae
519 1319 645 1384 fuerant
658 1318 773 1393 diuisa,
790 1318 958 1384 coniuncta
973 1320 1048 1383 sunt
1068 1323 1100 1383 et
1120 1319 1264 1401 dispersa

127 1423 246 1489 collecta
260 1428 337 1489 sunt
352 1428 393 1493 et.
410 1444 490 1507 qnae
504 1425 599 1510 longe
620 1429 717 1503 erant,
738 1425 799 1490 sibi
819 1426 956 1490 inuicem
977 1424 1114 1490 adunata
1131 1428 1206 1489 sunt
1221 1428 1262 1513 et,

127 1529 332 1613 sicutoportet
342 1532 445 1596 dicere
455 1534 487 1597 et
497 1532 574 1597 olim
589 1532 713 1615 scripsi,
727 1537 879 1616 utrosque
891 1532 1119 1598 ecclesiastem
1131 1530 1262 1596 senioris

97 1652 115 1688 ¹⁰
127 1654 205 1716 quam
219 1657 321 1704 nouae
337 1639 455 1703 Romae
470 1658 567 1703 unam
583 1658 653 1704 esse
668 1638 832 1705 euidenter
845 1640 1035 1724 intellegens
1051 1640 1082 1703 et
1096 1638 1263 1719 utriusque

126 1762 219 1809 earum
256 1765 353 1811 unam
391 1746 498 1811 sedem
531 1750 616 1811 recte
646 1766 716 1812 esse
741 1746 892 1812 definiens
926 1746 1155 1811 indiuisibilem
1189 1743 1262 1809 adu-

126 1852 269 1917 nationem
290 1857 324 1918 et
341 1853 509 1937 utriusque
533 1857 678 1918 nostrum
702 1873 872 1920 consonam
896 1852 1166 1920 confirmationem
1191 1869 1263 1915 curn

126 1955 220 2023 iudicii
251 1959 435 2044 integritate
468 1979 637 2044 cognosco.
704 1959 784 2023 unde
807 1979 885 2045 rogo
915 1960 1011 2025 deum
1039 1977 1164 2041 semper
1193 1976 1263 2022 earn
1289 1958 1308 2019 6

125 2062 354 2147 inseparabilem
390 2082 572 2148 permanere
605 2065 799 2130 orationibus
834 2068 1013 2130 sanctorum
1046 2065 1262 2147 apostolorum

94 2184 111 2220 ¹⁵
126 2173 153 2232 et
171 2175 240 2235 tuae
262 2172 411 2255 precibus
435 2171 627 2247 sanctitatis,
645 2191 701 2253 per
720 2189 799 2253 quas
822 2170 931 2236 donari
950 2172 1041 2237 nobis
1062 2176 1094 2236 et
1112 2170 1260 2237 uniuerso

126 2278 229 2343 mundo
243 2279 526 2343 clementissimum
542 2282 575 2343 et
590 2278 899 2344 christianissimum
912 2278 1086 2362 prinoipem
1102 2278 1262 2343 Iustinum

128 2387 154 2446 et
172 2386 345 2467 piissimam
369 2387 439 2450 eius
463 2385 645 2469 coniugem,
665 2388 808 2451 nostram
834 2388 941 2451 antem
963 2386 1072 2465 filiam,
1093 2384 1260 2450 Eufimiam

127 2490 152 2554 iu
173 2513 243 2575 pace
266 2494 379 2558 multis
401 2493 600 2576 temporibus
624 2498 854 2577 comprecatur,
879 2513 934 2578 per
953 2494 1058 2559 omnia
1076 2491 1262 2558 beatissime

129 2602 155 2662 ct
177 2599 336 2666 tamesime
365 2601 471 2665 frater.
541 2600 644 2684 ganisi
672 2601 773 2684 igitur
801 2600 839 2665 de
867 2601 1046 2684 praesentia
1073 2598 1259 2665 reuerentis-
1284 2601 1302 2664 7

94 2705 265 2770 asinorum
285 2707 508 2790 episcoporum
527 2725 665 2772 necnon
684 2709 718 2772 et
736 2707 923 2772 clericorum
942 2709 1121 2772 uestrorum
1141 2705 1259 2790 gratias

130 2812 248 2895 agimus,
272 2814 422 2896 quoniam
446 2813 621 2878 secundnm
644 2814 830 2898 petitionem
850 2817 991 2879 nostram
1011 2814 1090 2878 talea
1109 2813 1258 2896 pacificos

130 2919 201 2984 uiros
228 2925 260 2984 et
286 2924 413 2986 uestrae
441 2920 555 3004 dignos
579 2921 665 2986 sedis
689 2921 883 3004 apostolieae
908 2920 1092 2986 destinastis
1116 2920 1259 3004 regulam

131 3029 237 3106 patrum
265 3027 333 3092 sine
362 3027 547 3092 confusione
575 3030 738 3092 seruantes
766 3027 924 3111 fidemque
952 3027 1122 3092 indiuisam
1156 3029 1259 3092 custo·

133 3129 245 3202 dientes.
270 3153 406 3217 quorum
429 3135 658 3218 amplectentes
681 3134 713 3199 in
738 3135 885 3200 omnibus
909 3138 1047 3200 mentem
1071 3136 1187 3198 cuncta
1204 3151 1260 3216 per

96 3251 118 3289 ²5
132 3255 174 3302 eos
195 3241 231 3306 acl
254 3242 505 3337 satisfactionem
529 3245 655 3306 uestrae
679 3241 804 3324 egimus
829 3241 1018 3306 sanet'tatis.
1084 3260 1207 3306 omnem
1226 3240 1258 3305 in
1284 3241 1303 3304 8

132 3343 239 3413 Christo
261 3349 503 3426 fraternitatem,
527 3368 607 3431 quae
632 3368 704 3413 cum
727 3351 837 3413 uestra
855 3351 1034 3426 sanctitate,
1055 3367 1113 3433 ego
1133 3367 1259 3430 quoque

131 3453 157 3514 et
174 3455 230 3518 mei
251 3455 425 3539 plurimum
448 3455 637 3521 salutamus.

204 3646 219 3700 3
237 3646 269 3700 cf.
288 3647 376 3716 Regu.
394 3645 423 3700 Π
441 3647 466 3711 6,
486 3647 520 3701 14
574 3647 644 3702 aar.
664 3649 724 3702 Act.
744 3648 769 3711 2,
789 3648 823 3702 tc
843 3665 883 3718 sq.

158 3769 235 3823 lnon
254 3771 380 3825 cunctaui
399 3772 445 3838 (=
462 3772 617 3834 ncnnctani)
638 3773 786 3839 temptaui:
808 3770 935 3825 nuncieui
958 3769 996 3842 V,
1019 3769 1146 3824 festinaui
1178 3769 1259 3825 Tbiel

132 3856 157 3906 17
178 3865 259 3914 onam
283 3879 301 3912 α
322 3877 397 3914 maa.
419 3865 502 3930 post,
526 3861 585 3915 md.
608 3860 746 3930 Aregelia:
769 3863 817 3915 aut
844 3861 871 3914 V
957 3861 992 3914 22
1015 3859 1073 3913 sedi
1101 3860 1133 3924 V,
1156 3874 1258 3915 como

129 3943 157 3998 23
172 3947 281 4004 indiuisa
304 3950 336 4013 V,
356 3965 425 4007 corr.
445 3969 459 4002 ο
514 3950 548 4004 ‘26
567 3952 744 4004 nestra<est>
761 3950 824 4004 Car.
