3025 4975
228 418 294 482 670
463 414 583 468 lustinus
602 414 760 479 Hormiedn;
780 417 921 485 suggestio
942 416 1069 471 Germani
1089 420 1139 472 etc.

227 612 425 676 icruentibus
458 610 631 694 gratiarum
659 609 741 673 actio
771 608 840 672 sola
866 626 928 673 non
965 608 1099 686 sufficit,
1128 609 1203 691 quia
1229 628 1287 674 nec
1313 629 1371 675 uos

229 719 384 783 humanae
407 717 511 783 landis
534 716 756 800 praerogatiua
779 714 933 779 sollicitat
959 714 1015 779 sed
1044 714 1170 779 diuinae
1199 717 1371 797 expectatio

181 826 204 887 2
228 825 445 891 retributionis
468 824 652 888 inflammat.
700 822 784 904 qnod
811 822 912 905 igitur
936 823 1073 886 maxime
1102 822 1264 900 debemus,
1293 823 1369 888 erol-

228 934 336 997 nimus
360 937 393 998 et
420 932 514 997 deum
548 936 703 1008 nostrum,
737 928 829 993 euius
862 947 921 993 uos
954 928 1059 993 causis
1091 928 1286 1012 impenditis,
1319 950 1372 1013 pro

228 1038 445 1105 incolomitate
469 1042 576 1103 uestra
599 1036 716 1102 cotidie
743 1034 959 1118 deprecamur,
987 1038 1146 1117 rogantes,
1171 1039 1209 1100 ut
1232 1036 1373 1101 studium
1403 1054 1415 1093 a

228 1148 372 1210 uestrum
395 1144 426 1207 in
451 1143 537 1208 omui
560 1162 616 1225 pro
646 1142 882 1207 ecclesiasticae
909 1141 1043 1205 unitatis
1073 1142 1189 1207 affectu
1216 1146 1303 1226 parte
1328 1144 1373 1207 sic

228 1253 360 1329 ferueat,
392 1253 430 1315 ut
461 1250 569 1315 nullus
608 1250 681 1314 boni
717 1249 914 1330 relinquatur
949 1247 1040 1313 locus
1078 1248 1184 1325 officii,
1222 1249 1277 1313 ubi
1314 1269 1374 1313 non

228 1358 368 1441 paternis
409 1356 529 1442 regulis
572 1360 697 1421 uestrae
739 1355 950 1439 patrocinium
992 1355 1184 1421 defensionis
1231 1356 1373 1421 adsistat.

181 1466 205 1527 3
229 1466 398 1547 praecipue
420 1468 527 1529 temen
550 1464 661 1528 ileliae
695 1462 836 1528 Thomna
866 1466 960 1543 atque
988 1462 1164 1528 Nicostrati
1187 1464 1321 1528 iratmm
1344 1466 1375 1527 ot

230 1572 490 1654 coepiscoporum
526 1575 707 1636 nostrorum
744 1588 842 1634 cansa
873 1588 930 1634 nos
968 1572 1160 1647 commouet,
1194 1570 1249 1653 qui
1280 1571 1374 1652 primi
1394 1590 1415 1629 n

229 1677 347 1742 mundo
384 1677 597 1743 necessariam
629 1677 731 1741 secuti
769 1677 969 1741 concordiam
1007 1676 1212 1742 ecclesiarum
1246 1697 1374 1743 suarum

229 1784 407 1867 priuatione
430 1784 570 1867 perculsi
593 1801 665 1847 cum
688 1783 919 1848 uenerabilium
943 1802 1069 1866 quoque
1092 1802 1244 1849 canonum
1265 1788 1340 1849 cont
1364 1822 1375 1831 -

229 1890 324 1954 melia
347 1889 567 1972 deprimuntur
593 1890 691 1972 fitque
714 1890 780 1955 illis
808 1890 953 1973 propriae
982 1890 1246 1956 reconciliationis
1276 1891 1375 1975 glorie

229 2015 327 2060 eausa
356 1996 505 2072 difficilis,
535 1997 627 2079 quasi
654 1996 717 2078 ipsi
748 1996 851 2080 magis
883 1996 1036 2079 pertinaci
1064 2000 1170 2061 mente
1201 1998 1376 2061 rest'terint

230 2106 264 2166 et
278 2104 349 2169 aliis
368 2104 408 2168 od
423 2104 508 2169 sedis
527 2106 722 2188 apostolicae
740 2104 948 2168 redeuntibus
967 2106 1122 2169 unitatem
1140 2104 1203 2187 ipsi
1223 2104 1374 2169 ecclesiae
1394 2124 1415 2164 n

182 2211 332 2294 imagis
359 2211 503 2275 membra
530 2211 763 2295 discerpserint.
816 2209 901 2291 quod
935 2228 1029 2293 quam
1062 2211 1153 2275 nobis
1186 2210 1300 2275 durum
1333 2210 1376 2274 sit

230 2334 389 2399 quemque
431 2318 674 2383 clementissimi
720 2318 917 2400 temporibus
959 2318 1156 2402 imperatoris
1198 2318 1374 2402 iudignum,

228 2422 429 2505 prudentiam
460 2427 601 2489 uestram
629 2423 778 2490 conuenit
805 2424 973 2490 aestimare
1002 2430 1034 2490 et
1061 2425 1187 2490 tandem
1216 2427 1375 2507 praestare

229 2529 414 2608 remedium,
448 2531 532 2612 quod
560 2534 594 2596 et
618 2531 747 2596 illomm
773 2532 899 2598 labores
928 2536 960 2596 et
986 2535 1126 2597 nostram
1155 2534 1243 2616 grato
1272 2531 1376 2614 possit

226 2637 381 2701 solamine
405 2637 527 2701 auferre
549 2639 753 2703 maestitiam.
1392 2663 1417 2702 eo

746 2830 856 2916 (ara.)

273 2974 413 3019 msrruus
428 2973 588 3018 nucusrus
609 2975 784 3019 nonnrsnnn
804 2973 921 3020 ruens.
981 2955 1144 3020 illustrem
1162 2954 1269 3019 uirum
1288 2974 1375 3019 reue·

226 3062 444 3127 rectissimum
460 3061 645 3144 episcopum
660 3068 749 3146 grato
766 3062 965 3144 suscepimus
986 3062 1090 3126 animo
1105 3081 1165 3126 non
1183 3080 1238 3144 pro
1258 3061 1374 3126 honore

228 3171 364 3245 tantum,
398 3169 453 3250 qui
486 3169 619 3234 debetur
651 3169 881 3245 sacerdotibus,
911 3187 1022 3234 uerum
1051 3169 1146 3232 etiam
1175 3186 1230 3250 pre
1261 3168 1374 3232 aflectu

228 3280 353 3340 uestrae
373 3276 608 3344 sanctitudinis.
632 3295 704 3340 nam
724 3276 917 3358 quicumque
941 3279 996 3340 tno
1017 3275 1241 3358 comprobatus
1258 3274 1375 3339 iudicio
1394 3301 1418 3342 m

229 3382 334 3461 fuerit,
359 3385 409 3446 est
432 3383 516 3465 apud
540 3401 597 3447 nos
622 3383 717 3446 etiam
742 3382 902 3446 iudicatus
930 3382 1186 3466 probatissimus.
1215 3381 1253 3447 de
1284 3401 1376 3464 opera

264 3625 420 3678 dnostmm
443 3624 475 3689 V,
495 3640 565 3680 corr.
586 3623 614 3694 ρ’
704 3626 737 3679 10
762 3629 915 3680 commonet
938 3624 968 3690 V,
993 3641 1062 3679 corr.
1085 3627 1150 3681 Cor.
1247 3625 1280 3679 16
1306 3623 1376 3694 quod

227 3728 309 3779 quarn
328 3711 390 3766 edit.
409 3727 477 3780 req:
496 3729 576 3780 qnam
597 3711 670 3779 qnod
693 3712 719 3764 V

263 3799 329 3852 212.
375 3799 443 3853 Dat.
464 3817 490 3855 a.
513 3803 567 3853 519
586 3801 631 3854 die
648 3805 684 3854 17
697 3803 773 3855 Nom
790 3804 850 3869 (per
864 3801 1055 3870 Illustrem?)‚·
1067 3809 1180 3872 occepta
1192 3803 1236 3858 die
1248 3806 1289 3856 22
1303 3803 1378 3856 Maii

229 3906 255 3941 a.
279 3890 345 3941 520.
412 3887 486 3942 Ean.
505 3889 659 3943 Ballemnii
676 3891 708 3942 in
725 3889 886 3958 Appendiec
905 3891 943 3944 ad
962 3891 990 3944 S.
1010 3891 1113 3946 Leonis
1131 3907 1215 3960 opera
1229 3907 1259 3958 p.
1281 3907 1379 3954 curru,-

231 3975 311 4029 Tleicl
332 3979 400 4030 900.
455 3979 490 4030 ‘22
508 3995 600 4032 moros
625 3979 649 4031 V
695 3965 756 4048 emir
775 3981 1022 4033 reuerentissimum
1044 3986 1110 4048 trop.
1124 3997 1150 4046 n,
1168 3979 1242 4034 ande
1254 3979 1380 4045 sortasse

217 4061 335 4125 ,facium
349 4071 396 4127 est,
414 4073 446 4118 ut
458 4066 567 4135 superet
590 4067 706 4120 editores
723 4067 861 4122 illustrem
885 4085 983 4122 nomen
1002 4085 1056 4122 csse
1069 4070 1224 4137 proprium.
1245 4068 1379 4136 distinqu-

227 4153 314 4207 cndus
334 4166 428 4212 tamen
445 4156 557 4209 uidetur
574 4156 619 4210 liic
636 4157 762 4211 illustris
781 4157 816 4210 ab
835 4157 947 4212 illustri
965 4157 1123 4226 Epiphania·
1143 4173 1282 4226 parniaco,
1302 4159 1378 4212 cuiae

227 4258 327 4296 nornen
352 4243 476 4298 &bemus
499 4245 592 4298 ambio
617 4262 657 4313 ep.
681 4249 743 4300 225
768 4245 788 4316 §
809 4250 827 4300 ³
845 4263 858 4300 e
877 4247 967 4300 codice
992 4247 1015 4298 V
1031 4247 1177 4312 restitutis·
1197 4247 1232 4315 es.
1251 4247 1379 4316 Beitrdqe

225 4333 268 4382 35
287 4331 353 4385 acin.
376 4335 393 4384 3
447 4333 481 4386 26
501 4338 543 4386 est
561 4333 684 4386 Ballou:
703 4351 730 4386 es
757 4333 783 4386 V
801 4339 840 4400 (et
859 4333 930 4404 opud
948 4375 954 4388 .
969 4379 974 4390 .
990 4334 1127 4389 iudicetur
1147 4335 1183 4404 ρ’)
