3025 4975
217 420 284 484 604
421 414 566 470 Hormisda
583 414 743 469 Anmtasiae
763 418 791 469 et
807 414 972 479 Palmatiae;
991 413 1126 469 indiculus

218 614 277 690 est,
293 610 378 693 quod
392 610 467 694 quia
480 612 625 675 sanctum
641 608 782 692 coniugii
800 608 901 674 uestri
920 612 1046 674 constat
1064 628 1135 675 esse
1152 608 1364 691 propositum,

217 719 276 785 has
307 717 497 783 fiducialiter
528 716 568 781 ad
600 720 741 781 uestram
770 716 972 781 clementiam
998 716 1122 781 litteras
1156 715 1364 793 destinamus,

218 829 256 891 ut
287 845 343 909 per
373 843 432 889 uos
466 824 505 889 ad
536 822 761 906 perficiendam
798 823 950 889 eeclesiae
983 840 1095 906 pacem
1126 823 1233 887 mariti
1264 821 1366 887 uestri

173 929 320 1017 dpietas
352 930 491 1014 amplius
521 930 683 997 incitetur.
733 948 885 1013 magnum
919 948 999 1013 opus
1032 928 1222 1014 arripuistis,
1251 947 1368 1013 magna

218 1039 313 1105 uobis
332 1057 429 1103 causa
447 1037 618 1104 commissa
637 1042 696 1103 est.
714 1056 771 1119 per
789 1054 848 1101 uos
868 1037 951 1102 enim
970 1036 1106 1121 populos
1127 1035 1274 1103 Christus
1294 1035 1368 1100 nult
1398 1058 1412 1103 s

220 1146 259 1211 ad
287 1145 440 1211 ecclesiae
471 1144 599 1209 foedera
629 1162 797 1222 reuocare,
830 1164 910 1227 quos
939 1163 995 1226 per
1021 1162 1056 1210 se
1084 1144 1190 1210 uoluit
1217 1162 1236 1207 a
1263 1148 1367 1207 morte

218 1253 383 1319 redimere.
407 1270 524 1335 magna
546 1252 642 1317 etiam
666 1253 773 1317 uestro
798 1250 886 1316 sexui
904 1252 1013 1334 parata
1037 1254 1087 1316 est
1104 1250 1209 1315 laudis
1230 1250 1367 1328 occasio,

221 1360 249 1423 si
285 1358 380 1423 uobis
416 1358 612 1423 instantibus
649 1357 803 1423 ecclesiae
839 1376 915 1423 suae
952 1356 1109 1433 Christos,
1147 1376 1227 1439 quae
1260 1356 1370 1421 diuisa

177 1463 197 1526 5
220 1468 355 1541 fuerant,
378 1465 520 1529 membra
542 1464 723 1549 coniungat.
770 1482 828 1529 nec
852 1464 935 1528 enim
958 1464 1059 1529 maior
1082 1466 1132 1529 est
1151 1464 1263 1549 gloria,
1284 1482 1368 1547 quae

222 1574 377 1637 humanae
409 1572 524 1637 salutis
551 1573 676 1656 lignum
703 1574 846 1637 scrutate
873 1576 923 1637 est
950 1576 983 1637 et
1010 1573 1079 1638 sola
1106 1590 1242 1651 crucem,
1271 1589 1368 1653 quam
1388 1595 1413 1635 ro

221 1679 324 1745 omnis
361 1682 577 1754 ue<ne>ratur
611 1678 762 1756 mundus,
785 1678 925 1743 inuenit:
954 1677 1144 1762 superabitis
1169 1678 1244 1761 quin
1267 1677 1368 1742 immo

221 1786 309 1851 illins
341 1785 463 1863 merita,
493 1787 568 1868 quia
595 1786 749 1851 ecclesiae
779 1786 886 1851 unitas
913 1786 1085 1868 perillam
1118 1804 1212 1850 suum
1246 1784 1371 1849 inuenit

178 1890 198 1953 6
223 1892 361 1976 signum,
383 1911 441 1975 per
462 1911 521 1957 uos
545 1895 595 1957 est
618 1892 766 1957 habitura
788 1891 974 1957 remedium.
1020 1894 1095 1976 agat
1121 1890 1222 1975 igitur
1248 1890 1369 1973 iugalis

221 1998 324 2063 uestri
345 1998 496 2083 religiosa
519 1999 697 2076 clementia,
720 2000 759 2062 ut
780 1998 893 2063 iratres
918 2000 951 2063 et
974 1997 1154 2082 coepiscopi
1181 1995 1283 2062 nostri
1306 1995 1368 2061 sub

223 2124 259 2170 eo
283 2104 385 2170 libelli
403 2108 522 2185 tenore,
542 2124 638 2187 quem
657 2104 778 2171 dudum
796 2104 954 2183 misimus,
974 2104 1069 2171 fidem
1087 2123 1179 2169 suern
1198 2102 1371 2188 dignentur
1390 2128 1415 2171 n

224 2211 377 2288 adserere,
389 2215 546 2294 quatenus
560 2210 700 2295 perlecta
712 2210 816 2294 possit
830 2230 910 2288 esse,
928 2214 1067 2293 quaeest
1079 2210 1236 2288 inchoata,
1248 2228 1371 2275 corree-

223 2318 279 2383 tio.
303 2318 378 2400 quia
398 2318 488 2382 inita
507 2320 557 2381 est
576 2317 737 2400 quaelibet
753 2318 785 2381 in
806 2317 932 2383 cultura
950 2317 1001 2382 dei
1020 2316 1187 2395 confessio,
1207 2317 1260 2382 cni
1279 2316 1373 2382 deest

225 2424 299 2490 fidei
327 2424 502 2509 plenitudo.
530 2425 590 2490 hoc
619 2424 713 2502 enim,
744 2423 829 2506 quod
857 2423 1028 2509 areliquis
1055 2423 1123 2490 fieri
1151 2423 1372 2509 poscimus‚e

225 2534 338 2598 multis
360 2533 425 2596 iam
449 2531 667 2596 sacerdotibus
691 2533 816 2596 constat
839 2531 986 2598 effectum
1011 2533 1043 2598 et
1066 2532 1171 2598 unitas
1195 2549 1265 2596 esse
1283 2531 1373 2596 iusta

225 2639 257 2704 iu
295 2638 518 2704 communione
559 2658 621 2704 non
662 2637 790 2721 poterit,
828 2639 855 2702 si
893 2657 954 2704 non
991 2639 1088 2704 luerit
1122 2639 1154 2704 in
1190 2637 1373 2702 reuersione
1391 2665 1417 2704 so

227 2747 363 2811 seruata.

746 2935 854 3020 (rsa.)

272 3079 429 3127 noamsnn
450 3079 654 3126 nnnsrssmn
677 3081 717 3126 nr
739 3079 921 3126 ussurus
945 3081 969 3126 n
990 3080 1076 3126 rann.
1127 3061 1234 3126 Bonae
1257 3061 1374 3126 uolun-

228 3170 305 3234 tatis
329 3167 471 3233 studium
494 3167 621 3232 diuinae
645 3186 769 3252 semper
792 3167 964 3234 comitatur
985 3167 1205 3251 prosperitatis
1229 3167 1373 3233 effectus.

230 3274 282 3338 dei
313 3273 413 3339 nostri
445 3273 645 3357 prouidentia
676 3273 829 3357 temporis
861 3274 997 3340 facultas
1031 3274 1137 3340 oblata
1166 3276 1226 3352 est,
1250 3275 1282 3338 in
1311 3293 1375 3356 qua
1392 3303 1418 3345 u

186 3392 206 3454 2
229 3399 285 3463 pro
308 3381 383 3445 fidei
405 3384 531 3446 uestrae
554 3381 693 3464 praemio
713 3380 836 3446 debetis
855 3380 965 3446 adniti.
1014 3381 1050 3445 de
1070 3399 1206 3464 superna
1223 3379 1374 3464 primitus

230 3485 455 3565 misericordia,
488 3486 636 3571 deinceps
663 3486 703 3552 de
731 3487 924 3552 conscientia
954 3485 1194 3552 clementissimi
1221 3486 1375 3571 principis

230 3597 469 3678 praesumentes
481 3594 607 3677 legatos
625 3613 682 3677 pro
701 3593 864 3678 religionis
883 3593 1057 3658 catholicae
1076 3611 1173 3659 causa
1191 3593 1374 3672 direximus,

269 3801 427 3870 lconiugis
447 3798 474 3871 ρ2
527 3800 733 3856 2siducialiter
755 3801 787 3865 V,
807 3817 875 3856 corr.
896 3805 923 3853 ο1
977 3800 1105 3872 diedera
1127 3801 1153 3855 V
1204 3802 1312 3856 danim
1338 3802 1377 3856 V:

233 3890 291 3944 eius
314 3887 353 3954 o²;
377 3895 429 3944 cut
451 3891 522 3942 enirn
546 3890 644 3955 (eius)
670 3890 757 3944 maior
780 3895 830 3944 aut
853 3891 923 3944 enim
947 3891 1047 3944 maiore
1069 3890 1242 3945 scabendum
1264 3889 1376 3946 uidear

234 3978 268 4032 10
286 3994 364 4032 cruce
388 3977 419 4038 V.
439 3993 542 4032 cornu
598 3979 630 4032 11
650 3982 761 4032 noratur
779 3979 809 4042 V,
829 3995 932 4034 corno
989 3979 1022 4033 16
1041 3979 1157 4034 correoio
1181 3979 1209 4034 V
1261 3980 1294 4034 18
1313 3997 1375 4050 pos·

233 4067 317 4120 simus
340 4065 372 4132 V,
391 4082 461 4121 corr,
480 4065 508 4118 o²

269 4156 334 4213 157.
387 4155 455 4211 Dat.
475 4159 648 4226 otep.148.
721 4156 797 4211 Ean.
818 4155 1022 4224 Car.1²489,·
1045 4155 1218 4212 Bouaria.
1241 4159 1304 4225 519,
1325 4160 1377 4222 32,-

237 4245 345 4300 Gollect.
367 4244 626 4312 Concit5B1'AI
643 4249 712 4314 421,-
733 4246 813 4301 eriel
833 4249 901 4301 848.
982 4247 1017 4302 23
1035 4261 1186 4300 aoamsonn
1211 4245 1242 4310 V,
1261 4261 1331 4302 corr.
1350 4245 1377 4296 0²

234 4316 299 4390 rna}
322 4332 349 4387 V
399 4335 434 4389 ‘26
453 4333 577 4388 debeatis
595 4334 667 4389 Bor.
