<?xml version="1.0" encoding="UTF-8"?>
<!DOCTYPE html PUBLIC "-//W3C//DTD XHTML 1.0 Transitional//EN"
    "http://www.w3.org/TR/xhtml1/DTD/xhtml1-transitional.dtd">
<html xmlns="http://www.w3.org/1999/xhtml" xml:lang="en" lang="en">
 <head>
  <title>
</title>
<meta http-equiv="Content-Type" content="text/html;charset=utf-8" />
  <meta name='ocr-system' content='tesseract 3.04.00' />
  <meta name='ocr-capabilities' content='ocr_page ocr_carea ocr_par ocr_line ocrx_word'/>
</head>
<body>
  <div class='ocr_page' id='page_1' title='image "./corpusscriptoru02wiengoog_0024.png"; bbox 0 0 3025 4975; ppageno 0'>
   <div class='ocr_carea' id='block_1_1' title="bbox 196 406 994 480">
    <p class='ocr_par' dir='ltr' id='par_1_1' title="bbox 196 406 994 480">
     <span class='ocr_line' id='line_1_1' title="bbox 196 406 994 480; baseline -0.018 -8"><span class='ocrx_word' id='word_1_1' title='bbox 196 414 262 480; x_wconf 82' lang='grc'>504</span> <span class='ocrx_word' id='word_1_2' title='bbox 543 406 687 463; x_wconf 84' lang='lat' dir='ltr'>Hormisda</span> <span class='ocrx_word' id='word_1_3' title='bbox 706 406 851 461; x_wconf 78' lang='lat' dir='ltr'>Anastasio</span> <span class='ocrx_word' id='word_1_4' title='bbox 869 407 994 475; x_wconf 81' lang='lat' dir='ltr'>Augusto</span> 
     </span>
    </p>
   </div>
   <div class='ocr_carea' id='block_1_2' title="bbox 190 601 1388 1537">
    <p class='ocr_par' dir='ltr' id='par_1_2' title="bbox 190 601 1388 1537">
     <span class='ocr_line' id='line_1_2' title="bbox 193 601 1343 687; baseline -0.003 -18"><span class='ocrx_word' id='word_1_5' title='bbox 193 606 303 687; x_wconf 88' lang='lat' dir='ltr'>itaque</span> <span class='ocrx_word' id='word_1_6' title='bbox 331 606 402 670; x_wconf 89' lang='lat' dir='ltr'>loco</span> <span class='ocrx_word' id='word_1_7' title='bbox 431 605 484 669; x_wconf 93' lang='lat' dir='ltr'>uel</span> <span class='ocrx_word' id='word_1_8' title='bbox 513 604 714 669; x_wconf 81' lang='lat' dir='ltr'>salutationis</span> <span class='ocrx_word' id='word_1_9' title='bbox 742 601 893 667; x_wconf 80' lang='lat' dir='ltr'>honorem</span> <span class='ocrx_word' id='word_1_10' title='bbox 919 601 1078 665; x_wconf 89' lang='lat' dir='ltr'>reddendo</span> <span class='ocrx_word' id='word_1_11' title='bbox 1102 601 1343 683; x_wconf 79' lang='lat' dir='ltr'><strong>Theopompum</strong></span> 
     </span>
     <span class='ocr_line' id='line_1_3' title="bbox 195 706 1341 791; baseline -0.003 -16"><span class='ocrx_word' id='word_1_12' title='bbox 195 712 302 776; x_wconf 90' lang='lat' dir='ltr'>uirum</span> <span class='ocrx_word' id='word_1_13' title='bbox 325 711 496 786; x_wconf 77' lang='lat' dir='ltr'><strong>illustrem,</strong></span> <span class='ocrx_word' id='word_1_14' title='bbox 516 710 664 774; x_wconf 89' lang='lat' dir='ltr'>comitem</span> <span class='ocrx_word' id='word_1_15' title='bbox 689 707 947 785; x_wconf 87' lang='lat' dir='ltr'>domesticorum,</span> <span class='ocrx_word' id='word_1_16' title='bbox 968 711 1113 791; x_wconf 85' lang='lat' dir='ltr'>agentem</span> <span class='ocrx_word' id='word_1_17' title='bbox 1138 708 1220 771; x_wconf 89' lang='lat' dir='ltr'>sacri</span> <span class='ocrx_word' id='word_1_18' title='bbox 1243 706 1341 771; x_wconf 87' lang='lat' dir='ltr'>uost&#39;</span> 
     </span>
     <span class='ocr_line' id='line_1_4' title="bbox 190 813 1343 901; baseline -0.007 -18"><span class='ocrx_word' id='word_1_19' title='bbox 190 818 305 901; x_wconf 64' lang='lat' dir='ltr'>’palatii</span> <span class='ocrx_word' id='word_1_20' title='bbox 335 818 464 893; x_wconf 82' lang='lat' dir='ltr'>scolam,</span> <span class='ocrx_word' id='word_1_21' title='bbox 493 815 619 881; x_wconf 91' lang='lat' dir='ltr'>fidelem</span> <span class='ocrx_word' id='word_1_22' title='bbox 647 816 739 880; x_wconf 89' lang='lat' dir='ltr'>uobis</span> <span class='ocrx_word' id='word_1_23' title='bbox 768 815 822 878; x_wconf 91' lang='lat' dir='ltr'>uel</span> <span class='ocrx_word' id='word_1_24' title='bbox 848 833 905 896; x_wconf 90' lang='lat' dir='ltr'>pro</span> <span class='ocrx_word' id='word_1_25' title='bbox 938 814 1005 878; x_wconf 89' lang='lat' dir='ltr'>suis</span> <span class='ocrx_word' id='word_1_26' title='bbox 1038 813 1179 877; x_wconf 88' lang='lat' dir='ltr'>moribus</span> <span class='ocrx_word' id='word_1_27' title='bbox 1207 813 1261 877; x_wconf 91' lang='lat' dir='ltr'>uel</span> <span class='ocrx_word' id='word_1_28' title='bbox 1288 830 1343 894; x_wconf 92' lang='lat' dir='ltr'>pro</span> 
     </span>
     <span class='ocr_line' id='line_1_5' title="bbox 194 917 1345 1007; baseline -0.003 -20"><span class='ocrx_word' id='word_1_29' title='bbox 194 924 266 1006; x_wconf 89' lang='lat' dir='ltr'>ipsa</span> <span class='ocrx_word' id='word_1_30' title='bbox 289 923 454 989; x_wconf 83' lang='lat' dir='ltr'>affectione</span> <span class='ocrx_word' id='word_1_31' title='bbox 479 922 627 1007; x_wconf 84' lang='lat' dir='ltr'>genitalis</span> <span class='ocrx_word' id='word_1_32' title='bbox 650 923 778 985; x_wconf 85' lang='lat' dir='ltr'>nostroe</span> <span class='ocrx_word' id='word_1_33' title='bbox 796 920 990 1004; x_wconf 87' lang='lat' dir='ltr'>prouinciae,</span> <span class='ocrx_word' id='word_1_34' title='bbox 1011 920 1069 984; x_wconf 90' lang='lat' dir='ltr'>sed</span> <span class='ocrx_word' id='word_1_35' title='bbox 1087 921 1119 983; x_wconf 91' lang='lat' dir='ltr'>et</span> <span class='ocrx_word' id='word_1_36' title='bbox 1137 917 1345 983; x_wconf 83' lang='lat' dir='ltr'>Seuerianam</span> 
     </span>
     <span class='ocr_line' id='line_1_6' title="bbox 196 1026 1388 1096; baseline -0.008 -1"><span class='ocrx_word' id='word_1_37' title='bbox 196 1051 227 1095; x_wconf 89' lang='lat' dir='ltr'>u.</span> <span class='ocrx_word' id='word_1_38' title='bbox 252 1050 279 1096; x_wconf 90' lang='lat' dir='ltr'>c.</span> <span class='ocrx_word' id='word_1_39' title='bbox 308 1030 457 1095; x_wconf 86' lang='lat' dir='ltr'>comitem</span> <span class='ocrx_word' id='word_1_40' title='bbox 485 1029 566 1093; x_wconf 87' lang='lat' dir='ltr'>sacri</span> <span class='ocrx_word' id='word_1_41' title='bbox 593 1028 693 1093; x_wconf 86' lang='lat' dir='ltr'>nostri</span> <span class='ocrx_word' id='word_1_42' title='bbox 723 1026 902 1093; x_wconf 87' lang='lat' dir='ltr'>consistorii</span> <span class='ocrx_word' id='word_1_43' title='bbox 929 1026 970 1090; x_wconf 87' lang='lat' dir='ltr'>ad</span> <span class='ocrx_word' id='word_1_44' title='bbox 1001 1030 1140 1091; x_wconf 79' lang='lat' dir='ltr'>uestrum</span> <span class='ocrx_word' id='word_1_45' title='bbox 1173 1026 1344 1090; x_wconf 67' lang='lat' dir='ltr'>direximus</span> <span class='ocrx_word' id='word_1_46' title='bbox 1375 1044 1388 1083; x_wconf 78' lang='lat' dir='ltr'>s</span> 
     </span>
     <span class='ocr_line' id='line_1_7' title="bbox 196 1131 1345 1217; baseline -0.005 -16"><span class='ocrx_word' id='word_1_47' title='bbox 196 1137 410 1213; x_wconf 80' lang='lat' dir='ltr'>sanctitatem,</span> <span class='ocrx_word' id='word_1_48' title='bbox 431 1134 483 1217; x_wconf 89' lang='lat' dir='ltr'>qui</span> <span class='ocrx_word' id='word_1_49' title='bbox 510 1133 650 1199; x_wconf 84' lang='lat' dir='ltr'>ordinem</span> <span class='ocrx_word' id='word_1_50' title='bbox 673 1134 852 1197; x_wconf 89' lang='lat' dir='ltr'>littemrum</span> <span class='ocrx_word' id='word_1_51' title='bbox 875 1133 1001 1215; x_wconf 89' lang='lat' dir='ltr'>propria</span> <span class='ocrx_word' id='word_1_52' title='bbox 1024 1151 1102 1197; x_wconf 91' lang='lat' dir='ltr'>uoce</span> <span class='ocrx_word' id='word_1_53' title='bbox 1125 1134 1282 1196; x_wconf 80' lang='lat' dir='ltr'>testantes</span> <span class='ocrx_word' id='word_1_54' title='bbox 1306 1131 1345 1195; x_wconf 86' lang='lat' dir='ltr'>ed</span> 
     </span>
     <span class='ocr_line' id='line_1_8' title="bbox 195 1236 1345 1323; baseline -0.006 -17"><span class='ocrx_word' id='word_1_55' title='bbox 195 1242 393 1307; x_wconf 78' lang='lat' dir='ltr'>celeritatem</span> <span class='ocrx_word' id='word_1_56' title='bbox 427 1242 569 1322; x_wconf 84' lang='lat' dir='ltr'>spectata</span> <span class='ocrx_word' id='word_1_57' title='bbox 601 1242 785 1323; x_wconf 89' lang='lat' dir='ltr'>prouocent,</span> <span class='ocrx_word' id='word_1_58' title='bbox 819 1258 899 1321; x_wconf 91' lang='lat' dir='ltr'>quae</span> <span class='ocrx_word' id='word_1_59' title='bbox 932 1239 1028 1303; x_wconf 89' lang='lat' dir='ltr'>etism</span> <span class='ocrx_word' id='word_1_60' title='bbox 1061 1238 1192 1302; x_wconf 89' lang='lat' dir='ltr'>caelesti</span> <span class='ocrx_word' id='word_1_61' title='bbox 1223 1236 1345 1300; x_wconf 86' lang='lat' dir='ltr'>miseri-</span> 
     </span>
     <span class='ocr_line' id='line_1_9' title="bbox 192 1342 1346 1431; baseline -0.004 -19"><span class='ocrx_word' id='word_1_62' title='bbox 192 1348 319 1413; x_wconf 88' lang='lat' dir='ltr'>cordiae</span> <span class='ocrx_word' id='word_1_63' title='bbox 344 1347 502 1413; x_wconf 89' lang='lat' dir='ltr'>credimus</span> <span class='ocrx_word' id='word_1_64' title='bbox 525 1346 696 1431; x_wconf 83' lang='lat' dir='ltr'>placuisse.</span> <span class='ocrx_word' id='word_1_65' title='bbox 741 1345 824 1409; x_wconf 84' lang='lat' dir='ltr'>Data</span> <span class='ocrx_word' id='word_1_66' title='bbox 846 1344 947 1410; x_wconf 76' lang='lat' dir='ltr'>XVII.</span> <span class='ocrx_word' id='word_1_67' title='bbox 972 1344 1044 1410; x_wconf 87' lang='lat' dir='ltr'>Kal.</span> <span class='ocrx_word' id='word_1_68' title='bbox 1064 1345 1146 1428; x_wconf 85' lang='lat' dir='ltr'>Aug.</span> <span class='ocrx_word' id='word_1_69' title='bbox 1168 1342 1346 1407; x_wconf 80' lang='lat' dir='ltr'>Constanti-</span> 
     </span>
     <span class='ocr_line' id='line_1_10' title="bbox 194 1456 605 1537; baseline -0.005 -18"><span class='ocrx_word' id='word_1_70' title='bbox 194 1474 268 1537; x_wconf 90' lang='lat' dir='ltr'>nop.</span> <span class='ocrx_word' id='word_1_71' title='bbox 291 1456 387 1520; x_wconf 90' lang='lat' dir='ltr'>Petro</span> <span class='ocrx_word' id='word_1_72' title='bbox 409 1475 442 1519; x_wconf 94' lang='lat' dir='ltr'>u.</span> <span class='ocrx_word' id='word_1_73' title='bbox 468 1472 494 1517; x_wconf 89' lang='lat' dir='ltr'>c.</span> <span class='ocrx_word' id='word_1_74' title='bbox 520 1472 605 1518; x_wconf 82' lang='lat' dir='ltr'>cone.</span> 
     </span>
    </p>
   </div>
   <div class='ocr_carea' id='block_1_3' title="bbox 714 1645 1389 1730">
    <p class='ocr_par' dir='ltr' id='par_1_3' title="bbox 714 1645 1389 1730">
     <span class='ocr_line' id='line_1_11' title="bbox 714 1645 1389 1730; baseline -0.01 0"><span class='ocrx_word' id='word_1_75' title='bbox 714 1645 822 1730; x_wconf 77' lang='lat'>(112.)</span> <span class='ocrx_word' id='word_1_76' title='bbox 1361 1679 1389 1723; x_wconf 77' lang='grc' dir='ltr'>ιο</span> 
     </span>
    </p>
   </div>
   <div class='ocr_carea' id='block_1_4' title="bbox 148 1789 1392 2494">
    <p class='ocr_par' dir='ltr' id='par_1_4' title="bbox 148 1789 1347 2173">
     <span class='ocr_line' id='line_1_12' title="bbox 240 1789 1344 1836; baseline -0.002 -1"><span class='ocrx_word' id='word_1_77' title='bbox 240 1790 395 1836; x_wconf 84' lang='lat' dir='ltr'>uonmsun</span> <span class='ocrx_word' id='word_1_78' title='bbox 422 1790 601 1835; x_wconf 79' lang='lat' dir='ltr'>nunsrasro</span> <span class='ocrx_word' id='word_1_79' title='bbox 629 1790 782 1836; x_wconf 83' lang='lat' dir='ltr'>nuousro.</span> <span class='ocrx_word' id='word_1_80' title='bbox 851 1790 910 1835; x_wconf 79' lang='lat' dir='ltr'>nnn</span> <span class='ocrx_word' id='word_1_81' title='bbox 934 1789 1137 1834; x_wconf 79' lang='lat' dir='ltr'>rusoeourun</span> <span class='ocrx_word' id='word_1_82' title='bbox 1159 1789 1199 1833; x_wconf 84' lang='lat' dir='ltr'>ur</span> <span class='ocrx_word' id='word_1_83' title='bbox 1223 1789 1344 1834; x_wconf 82' lang='lat' dir='ltr'>saunar-</span> 
     </span>
     <span class='ocr_line' id='line_1_13' title="bbox 148 1876 1345 1959; baseline -0.002 -16"><span class='ocrx_word' id='word_1_84' title='bbox 148 1893 155 1943; x_wconf 74' lang='grc' dir='ltr'>ἰ.</span> <span class='ocrx_word' id='word_1_85' title='bbox 194 1898 291 1944; x_wconf 79' lang='lat' dir='ltr'>nuru.</span> <span class='ocrx_word' id='word_1_86' title='bbox 356 1876 530 1943; x_wconf 85' lang='lat' dir='ltr'>Sollicitari</span> <span class='ocrx_word' id='word_1_87' title='bbox 562 1878 702 1941; x_wconf 90' lang='lat' dir='ltr'>animum</span> <span class='ocrx_word' id='word_1_88' title='bbox 735 1880 842 1955; x_wconf 89' lang='lat' dir='ltr'>tuum,</span> <span class='ocrx_word' id='word_1_89' title='bbox 881 1877 1127 1941; x_wconf 86' lang='lat' dir='ltr'>clementissime</span> <span class='ocrx_word' id='word_1_90' title='bbox 1163 1877 1345 1959; x_wconf 88' lang='lat' dir='ltr'>imperator,</span> 
     </span>
     <span class='ocr_line' id='line_1_14' title="bbox 196 1982 1346 2065; baseline -0.004 -14"><span class='ocrx_word' id='word_1_91' title='bbox 196 1983 368 2051; x_wconf 86' lang='lat' dir='ltr'>ambitiosa</span> <span class='ocrx_word' id='word_1_92' title='bbox 390 1982 543 2049; x_wconf 88' lang='lat' dir='ltr'>auiditate</span> <span class='ocrx_word' id='word_1_93' title='bbox 568 2002 808 2064; x_wconf 81' lang='lat' dir='ltr'>commemoras,</span> <span class='ocrx_word' id='word_1_94' title='bbox 833 1983 933 2047; x_wconf 91' lang='lat' dir='ltr'>donec</span> <span class='ocrx_word' id='word_1_95' title='bbox 957 1988 1100 2065; x_wconf 83' lang='lat' dir='ltr'>speratae</span> <span class='ocrx_word' id='word_1_96' title='bbox 1121 1984 1255 2047; x_wconf 86' lang='lat' dir='ltr'>unitatis</span> <span class='ocrx_word' id='word_1_97' title='bbox 1279 1983 1346 2047; x_wconf 90' lang='lat' dir='ltr'>red-</span> 
     </span>
     <span class='ocr_line' id='line_1_15' title="bbox 195 2088 1347 2173; baseline 0 -20"><span class='ocrx_word' id='word_1_98' title='bbox 195 2090 364 2173; x_wconf 86' lang='lat' dir='ltr'>integratio</span> <span class='ocrx_word' id='word_1_99' title='bbox 396 2092 508 2173; x_wconf 82' lang='lat' dir='ltr'>optata</span> <span class='ocrx_word' id='word_1_100' title='bbox 541 2089 713 2173; x_wconf 87' lang='lat' dir='ltr'>contingat.</span> <span class='ocrx_word' id='word_1_101' title='bbox 756 2090 838 2155; x_wconf 88' lang='lat' dir='ltr'>bona</span> <span class='ocrx_word' id='word_1_102' title='bbox 871 2093 946 2154; x_wconf 89' lang='lat' dir='ltr'>sunt</span> <span class='ocrx_word' id='word_1_103' title='bbox 978 2088 1136 2154; x_wconf 83' lang='lat' dir='ltr'>desiderio</span> <span class='ocrx_word' id='word_1_104' title='bbox 1167 2089 1281 2154; x_wconf 87' lang='lat' dir='ltr'>salutis</span> <span class='ocrx_word' id='word_1_105' title='bbox 1315 2093 1347 2154; x_wconf 92' lang='lat' dir='ltr'>et</span> 
     </span>
    </p>

    <p class='ocr_par' dir='ltr' id='par_1_5' title="bbox 151 2196 1392 2494">
     <span class='ocr_line' id='line_1_16' title="bbox 151 2196 1392 2279; baseline 0.001 -25"><span class='ocrx_word' id='word_1_106' title='bbox 151 2219 155 2254; x_wconf 79' lang='grc'>,·</span> <span class='ocrx_word' id='word_1_107' title='bbox 195 2196 365 2261; x_wconf 84' lang='lat' dir='ltr'>laudabilis</span> <span class='ocrx_word' id='word_1_108' title='bbox 398 2216 476 2278; x_wconf 90' lang='lat' dir='ltr'>quae</span> <span class='ocrx_word' id='word_1_109' title='bbox 510 2196 753 2261; x_wconf 87' lang='lat' dir='ltr'>sehuiusmodi</span> <span class='ocrx_word' id='word_1_110' title='bbox 777 2196 836 2261; x_wconf 92' lang='lat' dir='ltr'>deo</span> <span class='ocrx_word' id='word_1_111' title='bbox 868 2196 1069 2261; x_wconf 83' lang='lat' dir='ltr'>commendat</span> <span class='ocrx_word' id='word_1_112' title='bbox 1094 2196 1246 2274; x_wconf 86' lang='lat' dir='ltr'>intenti03</span> <span class='ocrx_word' id='word_1_113' title='bbox 1275 2215 1347 2279; x_wconf 88' lang='lat' dir='ltr'>pru·</span> <span class='ocrx_word' id='word_1_114' title='bbox 1366 2215 1392 2255; x_wconf 82' lang='lat' dir='ltr'>rs</span> 
     </span>
     <span class='ocr_line' id='line_1_17' title="bbox 196 2302 1348 2387; baseline -0.001 -20"><span class='ocrx_word' id='word_1_115' title='bbox 196 2302 321 2387; x_wconf 85' lang='lat' dir='ltr'>dentiae</span> <span class='ocrx_word' id='word_1_116' title='bbox 345 2302 504 2385; x_wconf 89' lang='lat' dir='ltr'>siquidem</span> <span class='ocrx_word' id='word_1_117' title='bbox 529 2303 667 2385; x_wconf 88' lang='lat' dir='ltr'>speciale</span> <span class='ocrx_word' id='word_1_118' title='bbox 691 2303 919 2369; x_wconf 86' lang='lat' dir='ltr'>documentum</span> <span class='ocrx_word' id='word_1_119' title='bbox 943 2308 1002 2367; x_wconf 87' lang='lat' dir='ltr'>est.</span> <span class='ocrx_word' id='word_1_120' title='bbox 1027 2322 1100 2367; x_wconf 90' lang='lat' dir='ltr'>cum</span> <span class='ocrx_word' id='word_1_121' title='bbox 1118 2303 1161 2380; x_wconf 92' lang='lat' dir='ltr'>id,</span> <span class='ocrx_word' id='word_1_122' title='bbox 1182 2303 1267 2385; x_wconf 92' lang='lat' dir='ltr'>quod</span> <span class='ocrx_word' id='word_1_123' title='bbox 1286 2303 1348 2367; x_wconf 90' lang='lat' dir='ltr'>sibi</span> 
     </span>
     <span class='ocr_line' id='line_1_18' title="bbox 151 2408 1346 2494; baseline -0.007 -15"><span class='ocrx_word' id='word_1_124' title='bbox 151 2420 172 2479; x_wconf 83' lang='lat'><strong>2</strong></span> <span class='ocrx_word' id='word_1_125' title='bbox 196 2409 276 2473; x_wconf 88' lang='lat' dir='ltr'>utile</span> <span class='ocrx_word' id='word_1_126' title='bbox 301 2408 411 2488; x_wconf 88' lang='lat' dir='ltr'>credit,</span> <span class='ocrx_word' id='word_1_127' title='bbox 435 2410 637 2494; x_wconf 87' lang='lat' dir='ltr'>impatienter</span> <span class='ocrx_word' id='word_1_128' title='bbox 658 2409 800 2494; x_wconf 88' lang='lat' dir='ltr'>inquirit.</span> <span class='ocrx_word' id='word_1_129' title='bbox 833 2428 905 2474; x_wconf 84' lang='lat' dir='ltr'>uam</span> <span class='ocrx_word' id='word_1_130' title='bbox 930 2410 1014 2474; x_wconf 91' lang='lat' dir='ltr'>siin</span> <span class='ocrx_word' id='word_1_131' title='bbox 1039 2428 1205 2493; x_wconf 90' lang='lat' dir='ltr'>corporum</span> <span class='ocrx_word' id='word_1_132' title='bbox 1227 2408 1346 2473; x_wconf 88' lang='lat' dir='ltr'>morbis</span> 
     </span>
    </p>
   </div>
   <div class='ocr_carea' id='block_1_5' title="bbox 154 2515 1394 3008">
    <p class='ocr_par' dir='ltr' id='par_1_6' title="bbox 196 2515 1346 2602">
     <span class='ocr_line' id='line_1_19' title="bbox 196 2515 1346 2602; baseline -0.002 -20"><span class='ocrx_word' id='word_1_133' title='bbox 196 2517 290 2582; x_wconf 83' lang='lat' dir='ltr'>noxia</span> <span class='ocrx_word' id='word_1_134' title='bbox 313 2521 363 2582; x_wconf 88' lang='lat' dir='ltr'>est</span> <span class='ocrx_word' id='word_1_135' title='bbox 379 2516 469 2582; x_wconf 82' lang='lat' dir='ltr'>tarda</span> <span class='ocrx_word' id='word_1_136' title='bbox 489 2517 620 2593; x_wconf 88' lang='lat' dir='ltr'>curatio,</span> <span class='ocrx_word' id='word_1_137' title='bbox 641 2521 757 2599; x_wconf 83' lang='lat' dir='ltr'>quanto</span> <span class='ocrx_word' id='word_1_138' title='bbox 777 2515 882 2602; x_wconf 84' lang='lat' dir='ltr'>magis</span> <span class='ocrx_word' id='word_1_139' title='bbox 901 2518 933 2581; x_wconf 92' lang='lat' dir='ltr'>in</span> <span class='ocrx_word' id='word_1_140' title='bbox 954 2519 1056 2582; x_wconf 90' lang='lat' dir='ltr'>salute</span> <span class='ocrx_word' id='word_1_141' title='bbox 1076 2517 1197 2581; x_wconf 84' lang='lat' dir='ltr'>animae</span> <span class='ocrx_word' id='word_1_142' title='bbox 1217 2517 1346 2600; x_wconf 84' lang='lat' dir='ltr'>gramus</span> 
     </span>
    </p>

    <p class='ocr_par' dir='ltr' id='par_1_7' title="bbox 154 2623 1394 3008">
     <span class='ocr_line' id='line_1_20' title="bbox 154 2623 1348 2708; baseline -0.001 -21"><span class='ocrx_word' id='word_1_143' title='bbox 154 2644 158 2694; x_wconf 79' lang='lat' dir='ltr'><em>J</em></span> <span class='ocrx_word' id='word_1_144' title='bbox 196 2627 246 2688; x_wconf 91' lang='lat' dir='ltr'>est</span> <span class='ocrx_word' id='word_1_145' title='bbox 261 2623 410 2690; x_wconf 85' lang='lat' dir='ltr'>ferendus</span> <span class='ocrx_word' id='word_1_146' title='bbox 430 2623 643 2688; x_wconf 89' lang='lat' dir='ltr'>remediorum</span> <span class='ocrx_word' id='word_1_147' title='bbox 662 2623 805 2688; x_wconf 88' lang='lat' dir='ltr'>fidelium</span> <span class='ocrx_word' id='word_1_148' title='bbox 825 2625 924 2689; x_wconf 90' lang='lat' dir='ltr'>serior</span> <span class='ocrx_word' id='word_1_149' title='bbox 942 2623 1128 2708; x_wconf 81' lang='lat' dir='ltr'>appetitus?</span> <span class='ocrx_word' id='word_1_150' title='bbox 1151 2641 1348 2688; x_wconf 90' lang='lat' dir='ltr'>commonea-</span> 
     </span>
     <span class='ocr_line' id='line_1_21' title="bbox 196 2729 1394 2813; baseline -0.006 -19"><span class='ocrx_word' id='word_1_151' title='bbox 196 2748 268 2794; x_wconf 89' lang='lat' dir='ltr'>mur</span> <span class='ocrx_word' id='word_1_152' title='bbox 291 2729 489 2813; x_wconf 87' lang='lat' dir='ltr'>spiritalibus</span> <span class='ocrx_word' id='word_1_153' title='bbox 512 2729 681 2806; x_wconf 87' lang='lat' dir='ltr'>institutis,</span> <span class='ocrx_word' id='word_1_154' title='bbox 706 2748 744 2793; x_wconf 90' lang='lat' dir='ltr'>ne</span> <span class='ocrx_word' id='word_1_155' title='bbox 769 2749 849 2811; x_wconf 85' lang='lat' dir='ltr'>qnae</span> <span class='ocrx_word' id='word_1_156' title='bbox 873 2730 1023 2812; x_wconf 88' lang='lat' dir='ltr'>prodesse</span> <span class='ocrx_word' id='word_1_157' title='bbox 1045 2734 1192 2813; x_wconf 81' lang='lat' dir='ltr'>possunt,</span> <span class='ocrx_word' id='word_1_158' title='bbox 1212 2729 1244 2792; x_wconf 93' lang='lat' dir='ltr'>in</span> <span class='ocrx_word' id='word_1_159' title='bbox 1264 2729 1394 2792; x_wconf 81' lang='lat' dir='ltr'>dierum</span> 
     </span>
     <span class='ocr_line' id='line_1_22' title="bbox 195 2835 1347 2919; baseline -0.002 -19"><span class='ocrx_word' id='word_1_160' title='bbox 195 2840 359 2919; x_wconf 87' lang='lat' dir='ltr'>posterum</span> <span class='ocrx_word' id='word_1_161' title='bbox 368 2835 552 2900; x_wconf 84' lang='lat' dir='ltr'>differantur</span> <span class='ocrx_word' id='word_1_162' title='bbox 561 2836 715 2900; x_wconf 86' lang='lat' dir='ltr'>clamante</span> <span class='ocrx_word' id='word_1_163' title='bbox 726 2836 1152 2918; x_wconf 87' lang='lat' dir='ltr'>sapientissimoSalomonc:</span> <span class='ocrx_word' id='word_1_164' title='bbox 1163 2855 1206 2900; x_wconf 92' lang='lat' dir='ltr'>ne</span> <span class='ocrx_word' id='word_1_165' title='bbox 1220 2835 1347 2899; x_wconf 88' lang='lat' dir='ltr'>tardes</span> 
     </span>
     <span class='ocr_line' id='line_1_23' title="bbox 197 2940 1346 3008; baseline -0.003 -1"><span class='ocrx_word' id='word_1_166' title='bbox 197 2943 371 3008; x_wconf 85' lang='lat' dir='ltr'>conuerti</span> <span class='ocrx_word' id='word_1_167' title='bbox 400 2941 443 3006; x_wconf 89' lang='lat' dir='ltr'>ad</span> <span class='ocrx_word' id='word_1_168' title='bbox 472 2941 661 3007; x_wconf 92' lang='lat' dir='ltr'>dominum</span> <span class='ocrx_word' id='word_1_169' title='bbox 690 2946 727 3006; x_wconf 90' lang='lat' dir='ltr'>et</span> <span class='ocrx_word' id='word_1_170' title='bbox 753 2962 796 3006; x_wconf 93' lang='lat' dir='ltr'>ne</span> <span class='ocrx_word' id='word_1_171' title='bbox 826 2942 985 3007; x_wconf 83' lang='lat' dir='ltr'>differas</span> <span class='ocrx_word' id='word_1_172' title='bbox 1015 2943 1057 3007; x_wconf 94' lang='lat' dir='ltr'>de</span> <span class='ocrx_word' id='word_1_173' title='bbox 1086 2942 1145 3006; x_wconf 94' lang='lat' dir='ltr'>die</span> <span class='ocrx_word' id='word_1_174' title='bbox 1173 2943 1210 3006; x_wconf 91' lang='lat' dir='ltr'>in</span> <span class='ocrx_word' id='word_1_175' title='bbox 1238 2940 1346 3005; x_wconf 80' lang='lat' dir='ltr'>dicim</span> 
     </span>
    </p>
   </div>
   <div class='ocr_carea' id='block_1_6' title="bbox 154 3049 1396 3346">
    <p class='ocr_par' dir='ltr' id='par_1_8' title="bbox 154 3049 1396 3346">
     <span class='ocr_line' id='line_1_24' title="bbox 197 3049 1346 3132; baseline 0 -19"><span class='ocrx_word' id='word_1_176' title='bbox 197 3050 272 3132; x_wconf 82' lang='lat' dir='ltr'>quis</span> <span class='ocrx_word' id='word_1_177' title='bbox 294 3051 379 3114; x_wconf 88' lang='lat' dir='ltr'>sicut</span> <span class='ocrx_word' id='word_1_178' title='bbox 401 3049 433 3113; x_wconf 91' lang='lat' dir='ltr'>in</span> <span class='ocrx_word' id='word_1_179' title='bbox 454 3049 578 3114; x_wconf 88' lang='lat' dir='ltr'>incerto</span> <span class='ocrx_word' id='word_1_180' title='bbox 602 3050 689 3114; x_wconf 85' lang='lat' dir='ltr'>uitae</span> <span class='ocrx_word' id='word_1_181' title='bbox 712 3053 867 3132; x_wconf 84' lang='lat' dir='ltr'>tempora,</span> <span class='ocrx_word' id='word_1_182' title='bbox 891 3051 938 3114; x_wconf 88' lang='lat' dir='ltr'>ita</span> <span class='ocrx_word' id='word_1_183' title='bbox 964 3050 996 3113; x_wconf 94' lang='lat' dir='ltr'>in</span> <span class='ocrx_word' id='word_1_184' title='bbox 1024 3053 1094 3114; x_wconf 92' lang='lat' dir='ltr'>tuto</span> <span class='ocrx_word' id='word_1_185' title='bbox 1123 3049 1247 3113; x_wconf 88' lang='lat' dir='ltr'>animae</span> <span class='ocrx_word' id='word_1_186' title='bbox 1275 3067 1346 3113; x_wconf 92' lang='lat' dir='ltr'>cou-</span> 
     </span>
     <span class='ocr_line' id='line_1_25' title="bbox 196 3155 1348 3241; baseline 0 -21"><span class='ocrx_word' id='word_1_187' title='bbox 196 3155 286 3223; x_wconf 90' lang='lat' dir='ltr'>uenit</span> <span class='ocrx_word' id='word_1_188' title='bbox 313 3175 383 3222; x_wconf 90' lang='lat' dir='ltr'>esse</span> <span class='ocrx_word' id='word_1_189' title='bbox 411 3156 559 3232; x_wconf 89' lang='lat' dir='ltr'>remedia,</span> <span class='ocrx_word' id='word_1_190' title='bbox 588 3161 626 3220; x_wconf 87' lang='lat' dir='ltr'>ut</span> <span class='ocrx_word' id='word_1_191' title='bbox 653 3157 751 3220; x_wconf 87' lang='lat' dir='ltr'>intret</span> <span class='ocrx_word' id='word_1_192' title='bbox 778 3157 810 3220; x_wconf 92' lang='lat' dir='ltr'>in</span> <span class='ocrx_word' id='word_1_193' title='bbox 839 3156 990 3241; x_wconf 83' lang='lat' dir='ltr'>gaudium</span> <span class='ocrx_word' id='word_1_194' title='bbox 1020 3157 1139 3221; x_wconf 92' lang='lat' dir='ltr'>domiui</span> <span class='ocrx_word' id='word_1_195' title='bbox 1169 3156 1229 3231; x_wconf 90' lang='lat' dir='ltr'>sui,</span> <span class='ocrx_word' id='word_1_196' title='bbox 1255 3174 1348 3236; x_wconf 92' lang='lat' dir='ltr'>quem</span> 
     </span>
     <span class='ocr_line' id='line_1_26' title="bbox 154 3261 1396 3346; baseline -0.002 -20"><span class='ocrx_word' id='word_1_197' title='bbox 154 3262 331 3336; x_wconf 89' lang='lat' dir='ltr'>3ueniens</span> <span class='ocrx_word' id='word_1_198' title='bbox 368 3263 515 3327; x_wconf 90' lang='lat' dir='ltr'>dominus</span> <span class='ocrx_word' id='word_1_199' title='bbox 553 3282 600 3342; x_wconf 88' lang='lat' dir='ltr'>eu,</span> <span class='ocrx_word' id='word_1_200' title='bbox 636 3281 715 3345; x_wconf 88' lang='lat' dir='ltr'>quoe</span> <span class='ocrx_word' id='word_1_201' title='bbox 753 3263 814 3327; x_wconf 87' lang='lat' dir='ltr'>sibi</span> <span class='ocrx_word' id='word_1_202' title='bbox 851 3263 988 3346; x_wconf 88' lang='lat' dir='ltr'>placent,</span> <span class='ocrx_word' id='word_1_203' title='bbox 1021 3263 1179 3328; x_wconf 89' lang='lat' dir='ltr'>inuenerit</span> <span class='ocrx_word' id='word_1_204' title='bbox 1215 3261 1396 3345; x_wconf 75' lang='lat' dir='ltr'>operarias</span> 
     </span>
    </p>
   </div>
   <div class='ocr_carea' id='block_1_7' title="bbox 287 3457 881 3534">
    <p class='ocr_par' dir='ltr' id='par_1_9' title="bbox 287 3457 881 3534">
     <span class='ocr_line' id='line_1_27' title="bbox 287 3457 881 3534; baseline 0.002 -10"><span class='ocrx_word' id='word_1_205' title='bbox 287 3472 320 3524; x_wconf 83' lang='lat'>21</span> <span class='ocrx_word' id='word_1_206' title='bbox 340 3470 422 3526; x_wconf 75' lang='lat' dir='ltr'>noers</span> <span class='ocrx_word' id='word_1_207' title='bbox 442 3475 468 3534; x_wconf 81' lang='lat' dir='ltr'>s,</span> <span class='ocrx_word' id='word_1_208' title='bbox 488 3471 504 3526; x_wconf 88' lang='lat' dir='ltr'>s</span> <span class='ocrx_word' id='word_1_209' title='bbox 560 3471 595 3524; x_wconf 81' lang='lat' dir='ltr'>m</span> <span class='ocrx_word' id='word_1_210' title='bbox 614 3471 647 3524; x_wconf 75' lang='lat' dir='ltr'>cr.</span> <span class='ocrx_word' id='word_1_211' title='bbox 666 3471 765 3524; x_wconf 75' lang='lat' dir='ltr'>arasth.</span> <span class='ocrx_word' id='word_1_212' title='bbox 785 3457 828 3533; x_wconf 80' lang='lat'>25,</span> <span class='ocrx_word' id='word_1_213' title='bbox 848 3471 881 3525; x_wconf 78' lang='lat'>21</span> 
     </span>
    </p>
   </div>
   <div class='ocr_carea' id='block_1_8' title="bbox 198 3593 1352 4366">
    <p class='ocr_par' dir='ltr' id='par_1_10' title="bbox 198 3593 1347 3843">
     <span class='ocr_line' id='line_1_28' title="bbox 235 3593 1347 3664; baseline -0.001 -16"><span class='ocrx_word' id='word_1_214' title='bbox 235 3594 370 3649; x_wconf 90' lang='lat' dir='ltr'>lhonore</span> <span class='ocrx_word' id='word_1_215' title='bbox 394 3595 425 3658; x_wconf 87' lang='lat' dir='ltr'>V,</span> <span class='ocrx_word' id='word_1_216' title='bbox 444 3612 513 3650; x_wconf 84' lang='lat' dir='ltr'>corr.</span> <span class='ocrx_word' id='word_1_217' title='bbox 533 3595 610 3650; x_wconf 81' lang='lat' dir='ltr'>Edit.</span> <span class='ocrx_word' id='word_1_218' title='bbox 630 3611 682 3664; x_wconf 81' lang='lat' dir='ltr'>rep.</span> <span class='ocrx_word' id='word_1_219' title='bbox 756 3595 906 3664; x_wconf 79' lang='lat' dir='ltr'>lgenitali</span> <span class='ocrx_word' id='word_1_220' title='bbox 930 3593 961 3653; x_wconf 88' lang='lat' dir='ltr'>V,</span> <span class='ocrx_word' id='word_1_221' title='bbox 981 3594 1087 3648; x_wconf 79' lang='lat' dir='ltr'>correxi</span> <span class='ocrx_word' id='word_1_222' title='bbox 1175 3599 1292 3648; x_wconf 87' lang='lat' dir='ltr'>mostrae</span> <span class='ocrx_word' id='word_1_223' title='bbox 1314 3594 1347 3656; x_wconf 79' lang='grc' dir='ltr'>Γ,</span> 
     </span>
     <span class='ocr_line' id='line_1_29' title="bbox 198 3680 1347 3753; baseline -0.001 -15"><span class='ocrx_word' id='word_1_224' title='bbox 198 3699 266 3738; x_wconf 83' lang='lat' dir='ltr'>corr.</span> <span class='ocrx_word' id='word_1_225' title='bbox 287 3701 300 3734; x_wconf 86' lang='lat' dir='ltr'>o</span> <span class='ocrx_word' id='word_1_226' title='bbox 374 3687 388 3738; x_wconf 81' lang='grc' dir='ltr'>ῑ</span> <span class='ocrx_word' id='word_1_227' title='bbox 409 3689 559 3752; x_wconf 87' lang='lat' dir='ltr'>spectatam</span> <span class='ocrx_word' id='word_1_228' title='bbox 579 3681 613 3746; x_wconf 59' lang='grc' dir='ltr'>οἳ,</span> <span class='ocrx_word' id='word_1_229' title='bbox 637 3687 775 3753; x_wconf 78' lang='lat' dir='ltr'>speratum</span> <span class='ocrx_word' id='word_1_230' title='bbox 795 3681 828 3751; x_wconf 77' lang='lat' dir='ltr'>p2,</span> <span class='ocrx_word' id='word_1_231' title='bbox 854 3687 997 3751; x_wconf 81' lang='lat' dir='ltr'>expectata</span> <span class='ocrx_word' id='word_1_232' title='bbox 1015 3680 1084 3738; x_wconf 87' lang='lat' dir='ltr'>Bar.</span> <span class='ocrx_word' id='word_1_233' title='bbox 1176 3699 1245 3752; x_wconf 88' lang='lat' dir='ltr'>quae</span> <span class='ocrx_word' id='word_1_234' title='bbox 1264 3684 1347 3737; x_wconf 89' lang='lat' dir='ltr'>etiam</span> 
     </span>
     <span class='ocr_line' id='line_1_30' title="bbox 198 3771 1115 3843; baseline 0.004 -19"><span class='ocrx_word' id='word_1_235' title='bbox 198 3771 283 3826; x_wconf 74' lang='lat' dir='ltr'>Bam:</span> <span class='ocrx_word' id='word_1_236' title='bbox 303 3789 371 3841; x_wconf 86' lang='lat' dir='ltr'>quae</span> <span class='ocrx_word' id='word_1_237' title='bbox 392 3771 452 3826; x_wconf 84' lang='lat' dir='ltr'>dam</span> <span class='ocrx_word' id='word_1_238' title='bbox 477 3773 507 3835; x_wconf 89' lang='lat' dir='ltr'>V,</span> <span class='ocrx_word' id='word_1_239' title='bbox 528 3773 659 3843; x_wconf 77' lang='lat' dir='ltr'>quaedam</span> <span class='ocrx_word' id='word_1_240' title='bbox 680 3789 747 3842; x_wconf 83' lang='lat' dir='ltr'>quae</span> <span class='ocrx_word' id='word_1_241' title='bbox 768 3771 802 3833; x_wconf 52' lang='grc' dir='ltr'>οἳ,</span> <span class='ocrx_word' id='word_1_242' title='bbox 823 3772 956 3841; x_wconf 83' lang='lat' dir='ltr'>quaedam</span> <span class='ocrx_word' id='word_1_243' title='bbox 974 3773 1028 3825; x_wconf 85' lang='lat' dir='ltr'>ism</span> <span class='ocrx_word' id='word_1_244' title='bbox 1050 3771 1115 3828; x_wconf 84' lang='lat' dir='ltr'>Car.</span> 
     </span>
    </p>

    <p class='ocr_par' dir='ltr' id='par_1_11' title="bbox 199 3859 1352 4366">
     <span class='ocr_line' id='line_1_31' title="bbox 235 3859 1350 3929; baseline -0.002 -15"><span class='ocrx_word' id='word_1_245' title='bbox 235 3861 298 3915; x_wconf 81' lang='grc'>112.</span> <span class='ocrx_word' id='word_1_246' title='bbox 371 3859 440 3916; x_wconf 83' lang='lat' dir='ltr'>Dat.</span> <span class='ocrx_word' id='word_1_247' title='bbox 461 3859 555 3928; x_wconf 71' lang='lat' dir='ltr'>(simiel</span> <span class='ocrx_word' id='word_1_248' title='bbox 573 3877 632 3915; x_wconf 84' lang='lat' dir='ltr'>cum</span> <span class='ocrx_word' id='word_1_249' title='bbox 651 3878 690 3929; x_wconf 84' lang='lat' dir='ltr'>ep.</span> <span class='ocrx_word' id='word_1_250' title='bbox 710 3864 774 3928; x_wconf 77' lang='lat'>114)</span> <span class='ocrx_word' id='word_1_251' title='bbox 795 3878 821 3914; x_wconf 87' lang='lat' dir='ltr'>a.</span> <span class='ocrx_word' id='word_1_252' title='bbox 843 3862 972 3913; x_wconf 74' lang='lat' dir='ltr'>eropon</span> <span class='ocrx_word' id='word_1_253' title='bbox 991 3867 1056 3914; x_wconf 82' lang='lat' dir='ltr'>ante</span> <span class='ocrx_word' id='word_1_254' title='bbox 1071 3875 1189 3914; x_wconf 80' lang='lat' dir='ltr'>oemaem</span> <span class='ocrx_word' id='word_1_255' title='bbox 1208 3859 1282 3927; x_wconf 82' lang='lat' dir='ltr'>Sept.</span> <span class='ocrx_word' id='word_1_256' title='bbox 1296 3876 1350 3928; x_wconf 86' lang='lat' dir='ltr'>per</span> 
     </span>
     <span class='ocr_line' id='line_1_32' title="bbox 203 3947 1350 4018; baseline -0.001 -15"><span class='ocrx_word' id='word_1_257' title='bbox 203 3949 403 4016; x_wconf 75' lang='lat' dir='ltr'>Theopompum</span> <span class='ocrx_word' id='word_1_258' title='bbox 422 3955 447 4004; x_wconf 88' lang='lat' dir='ltr'>et</span> <span class='ocrx_word' id='word_1_259' title='bbox 465 3949 645 4003; x_wconf 69' lang='lat' dir='ltr'>Scaenicorum</span> <span class='ocrx_word' id='word_1_260' title='bbox 650 3968 660 4016; x_wconf 91' lang='lat'><em>;</em></span> <span class='ocrx_word' id='word_1_261' title='bbox 676 3949 821 4018; x_wconf 82' lang='lat' dir='ltr'>respondet</span> <span class='ocrx_word' id='word_1_262' title='bbox 840 3949 976 4015; x_wconf 79' lang='lat' dir='ltr'>epistulae</span> <span class='ocrx_word' id='word_1_263' title='bbox 993 3953 1045 4002; x_wconf 87' lang='lat'>111.</span> <span class='ocrx_word' id='word_1_264' title='bbox 1136 3949 1211 4002; x_wconf 85' lang='lat' dir='ltr'>Edd.</span> <span class='ocrx_word' id='word_1_265' title='bbox 1233 3949 1298 4002; x_wconf 85' lang='lat' dir='ltr'>Gar.</span> <span class='ocrx_word' id='word_1_266' title='bbox 1317 3947 1350 4002; x_wconf 79' lang='lat'>1²</span> 
     </span>
     <span class='ocr_line' id='line_1_33' title="bbox 202 4035 1347 4104; baseline -0.001 -12"><span class='ocrx_word' id='word_1_267' title='bbox 202 4039 275 4104; x_wconf 77' lang='lat'><strong><em>445;</em></strong></span> <span class='ocrx_word' id='word_1_268' title='bbox 297 4037 366 4090; x_wconf 86' lang='lat' dir='ltr'>Bar.</span> <span class='ocrx_word' id='word_1_269' title='bbox 391 4037 430 4092; x_wconf 83' lang='lat' dir='ltr'>ad</span> <span class='ocrx_word' id='word_1_270' title='bbox 453 4055 479 4092; x_wconf 87' lang='lat' dir='ltr'>a.</span> <span class='ocrx_word' id='word_1_271' title='bbox 503 4041 563 4101; x_wconf 81' lang='lat'>51⁶,</span> <span class='ocrx_word' id='word_1_272' title='bbox 587 4041 637 4104; x_wconf 84' lang='lat'>13,·</span> <span class='ocrx_word' id='word_1_273' title='bbox 667 4037 776 4092; x_wconf 81' lang='lat' dir='ltr'>Colleet.</span> <span class='ocrx_word' id='word_1_274' title='bbox 807 4035 926 4103; x_wconf 82' lang='lat' dir='ltr'>Concit.,·</span> <span class='ocrx_word' id='word_1_275' title='bbox 943 4037 1025 4090; x_wconf 80' lang='lat' dir='ltr'>BTA</span> <span class='ocrx_word' id='word_1_276' title='bbox 1049 4038 1070 4091; x_wconf 89' lang='lat' dir='ltr'><strong><em>I</em></strong></span> <span class='ocrx_word' id='word_1_277' title='bbox 1090 4040 1156 4102; x_wconf 71' lang='lat'>3813</span> <span class='ocrx_word' id='word_1_278' title='bbox 1180 4037 1259 4092; x_wconf 83' lang='lat' dir='ltr'>Tlriel</span> <span class='ocrx_word' id='word_1_279' title='bbox 1280 4041 1347 4091; x_wconf 75' lang='lat'><strong><em>766.</em></strong></span> 
     </span>
     <span class='ocr_line' id='line_1_34' title="bbox 201 4125 1347 4195; baseline 0.001 -17"><span class='ocrx_word' id='word_1_280' title='bbox 201 4126 231 4179; x_wconf 92' lang='lat'>11</span> <span class='ocrx_word' id='word_1_281' title='bbox 253 4141 302 4194; x_wconf 90' lang='lat' dir='ltr'>per</span> <span class='ocrx_word' id='word_1_282' title='bbox 319 4125 420 4195; x_wconf 85' lang='lat' dir='ltr'>Theop.</span> <span class='ocrx_word' id='word_1_283' title='bbox 440 4129 467 4180; x_wconf 90' lang='lat' dir='ltr'>et</span> <span class='ocrx_word' id='word_1_284' title='bbox 487 4130 548 4181; x_wconf 66' lang='lat' dir='ltr'>Seu.</span> <span class='ocrx_word' id='word_1_285' title='bbox 574 4126 599 4178; x_wconf 94' lang='lat' dir='ltr'>V</span> <span class='ocrx_word' id='word_1_286' title='bbox 619 4125 765 4180; x_wconf 83' lang='lat' dir='ltr'>minutiore</span> <span class='ocrx_word' id='word_1_287' title='bbox 788 4125 945 4179; x_wconf 79' lang='lat' dir='ltr'>charactere</span> <span class='ocrx_word' id='word_1_288' title='bbox 966 4126 997 4178; x_wconf 79' lang='lat' dir='ltr'>iu</span> <span class='ocrx_word' id='word_1_289' title='bbox 1016 4126 1139 4194; x_wconf 81' lang='lat' dir='ltr'>marpine</span> <span class='ocrx_word' id='word_1_290' title='bbox 1230 4127 1263 4180; x_wconf 86' lang='lat'>19</span> <span class='ocrx_word' id='word_1_291' title='bbox 1287 4143 1347 4180; x_wconf 89' lang='lat' dir='ltr'>cum</span> 
     </span>
     <span class='ocr_line' id='line_1_35' title="bbox 199 4212 1352 4285; baseline 0.001 -18"><span class='ocrx_word' id='word_1_292' title='bbox 199 4229 356 4268; x_wconf 87' lang='lat' dir='ltr'>moneamur</span> <span class='ocrx_word' id='word_1_293' title='bbox 374 4212 401 4266; x_wconf 55' lang='grc' dir='ltr'>οἳ</span> <span class='ocrx_word' id='word_1_294' title='bbox 464 4215 498 4270; x_wconf 87' lang='grc'>20</span> <span class='ocrx_word' id='word_1_295' title='bbox 517 4232 549 4268; x_wconf 90' lang='lat' dir='ltr'>ne</span> <span class='ocrx_word' id='word_1_296' title='bbox 570 4231 638 4285; x_wconf 85' lang='lat' dir='ltr'>quae</span> <span class='ocrx_word' id='word_1_297' title='bbox 659 4215 698 4266; x_wconf 80' lang='lat'>0²:</span> <span class='ocrx_word' id='word_1_298' title='bbox 717 4231 804 4283; x_wconf 89' lang='lat' dir='ltr'>neque</span> <span class='ocrx_word' id='word_1_299' title='bbox 829 4213 855 4266; x_wconf 92' lang='lat' dir='ltr'>V</span> <span class='ocrx_word' id='word_1_300' title='bbox 910 4215 942 4267; x_wconf 88' lang='grc'>21</span> <span class='ocrx_word' id='word_1_301' title='bbox 964 4214 1096 4267; x_wconf 84' lang='lat' dir='ltr'>clamante</span> <span class='ocrx_word' id='word_1_302' title='bbox 1116 4231 1148 4268; x_wconf 77' lang='lat' dir='ltr'>eu</span> <span class='ocrx_word' id='word_1_303' title='bbox 1167 4214 1301 4270; x_wconf 74' lang='lat' dir='ltr'>clamante</span> <span class='ocrx_word' id='word_1_304' title='bbox 1325 4215 1352 4268; x_wconf 91' lang='lat' dir='ltr'>V</span> 
     </span>
     <span class='ocr_line' id='line_1_36' title="bbox 200 4302 839 4366; baseline -0.003 -10"><span class='ocrx_word' id='word_1_305' title='bbox 200 4304 234 4357; x_wconf 90' lang='grc'>23</span> <span class='ocrx_word' id='word_1_306' title='bbox 253 4305 345 4356; x_wconf 85' lang='lat' dir='ltr'>intuta</span> <span class='ocrx_word' id='word_1_307' title='bbox 368 4303 398 4366; x_wconf 95' lang='lat' dir='ltr'>V,</span> <span class='ocrx_word' id='word_1_308' title='bbox 419 4319 488 4358; x_wconf 85' lang='lat' dir='ltr'>corr.</span> <span class='ocrx_word' id='word_1_309' title='bbox 507 4321 520 4354; x_wconf 88' lang='lat' dir='ltr'>o</span> <span class='ocrx_word' id='word_1_310' title='bbox 576 4305 610 4356; x_wconf 76' lang='grc'>25</span> <span class='ocrx_word' id='word_1_311' title='bbox 629 4302 750 4355; x_wconf 82' lang='lat' dir='ltr'>inueniet</span> <span class='ocrx_word' id='word_1_312' title='bbox 769 4302 839 4355; x_wconf 85' lang='lat' dir='ltr'>Bur.</span> 
     </span>
    </p>
   </div>
   <div class='ocr_carea' id='block_1_9' title="bbox 0 0 1518 4975">
    <p class='ocr_par' dir='ltr' id='par_1_12' title="bbox 0 0 1518 4975">
     <span class='ocr_line' id='line_1_37' title="bbox 0 0 1518 4975; baseline 0 0"><span class='ocrx_word' id='word_1_313' title='bbox 0 0 1518 4975; x_wconf 95' lang='lat' dir='ltr'> </span> 
     </span>
    </p>
   </div>
  </div>
 </body>
</html>
