3025 4975
7 621 9 690 l

459 426 546 496 Epist.
566 425 684 481 ccxxx
702 427 721 479 4
739 455 774 466 -
793 425 926 481 ccxxxi
945 428 970 480 a.
1215 431 1278 495 697

146 643 189 687 me
207 623 306 686 fateor
322 620 485 685 inuenisse
503 620 671 697 feruorem,
688 619 780 684 cuius
795 621 899 684 calore
915 639 1089 686 succensus
1103 622 1280 688 rediuiuam

143 731 169 794 in
205 729 270 793 illis
306 727 452 809 partibus
491 726 668 791 infidelium
704 726 947 809 pemersitatem
983 728 1091 811 uigere
1129 731 1281 813 suspiras.

142 835 346 920 dignissimus
376 834 474 912 dolor,
504 833 558 914 qui
583 833 690 897 dedita
714 833 773 898 deo
796 833 892 898 corda
915 835 1092 910 contristet,
1116 855 1174 899 noc
1197 835 1282 902 enim

140 948 186 1008 est
221 942 307 1026 apud
344 960 399 1006 eos
433 941 544 1023 lapsus
587 939 846 1015 inlamentabilis,
879 940 997 1024 quibus
1030 945 1080 1021 est
1119 942 1281 1025 igniculus

113 1049 288 1127 scantatis
317 1049 392 1131 quia
419 1067 519 1112 unum
548 1046 742 1129 spiritalium
770 1050 884 1111 uotum
908 1051 959 1112 est
981 1048 1069 1112 salus
1093 1048 1282 1114 inconcussa

140 1159 336 1221 cunctorum.
369 1155 424 1220 sed
457 1173 517 1219 non
553 1156 603 1218 est
634 1153 745 1237 ignota
777 1153 920 1218 ecclesiis
953 1153 1005 1218 dei
1032 1155 1071 1219 da
1098 1155 1326 1220 huiusmodi3

137 1264 284 1346 procellis
300 1266 355 1326 aut
366 1262 491 1326 insueta
500 1265 676 1342 tempestas
686 1283 693 1323 :
705 1260 853 1342 quamuis
863 1261 996 1324 rectoris
1006 1260 1056 1325 sui
1067 1262 1282 1345 gubernaculo

136 1370 324 1435 inconcussa
361 1369 521 1451 persistat,
564 1367 660 1432 uariis
702 1371 808 1430 tamen
849 1366 1085 1452 insurgentium
1125 1368 1282 1434 fluctuum

136 1477 258 1542 laborat
293 1479 405 1539 uexata
441 1473 632 1538 turbinibus.
670 1493 742 1537 nam
784 1472 867 1537 unda
909 1477 960 1537 est
999 1474 1181 1556 psalmidici
1221 1469 1327 1541 uox4

100 1605 121 1646 n
135 1583 318 1667 prophetae,
331 1581 385 1664 qui
399 1581 501 1663 ipsius
517 1580 670 1645 ecclesiae
684 1598 850 1664 personam
866 1579 993 1662 spiritu,
1009 1600 1070 1662 quo
1080 1580 1282 1664 implebatur,

137 1690 308 1754 adsumens
328 1707 448 1772 saepe
467 1687 572 1768 inquit
590 1689 932 1770 expugnaberunt
948 1707 1006 1751 me
1026 1707 1045 1751 a
1062 1687 1282 1753 iuuentute

137 1816 235 1874 mea,
266 1795 416 1860 etenim
445 1814 519 1860 non
547 1797 774 1878 potuerunt
800 1794 922 1858 mihi?
947 1795 1146 1870 concutiunt,
1170 1795 1281 1860 sedin

137 1903 235 1968 nihilo
252 1901 491 1986 praeualebunt.
507 1901 609 1966 adbuc
629 1901 660 1964 in
681 1919 752 1964 area
771 1920 894 1977 sumus,
914 1901 1013 1966 mixta
1031 1903 1107 1965 sunt
1123 1901 1283 1965 frumenta

138 2027 208 2074 cum
241 2009 355 2091 palcis,
390 2011 522 2092 gemunt
553 2006 628 2072 boni
662 2007 820 2072 consortia
847 2007 1021 2084 malorum;
1052 2007 1109 2072 sed
1137 2011 1283 2088 superest

101 2116 264 2180 allamma
294 2133 355 2179 non
388 2113 575 2178 necessariis
600 2116 632 2177 et
654 2116 764 2196 parata
796 2117 873 2178 sunt
899 2115 1010 2178 horrea
1037 2113 1101 2178 iam
1129 2113 1281 2196 probatis.

137 2223 190 2287 ubi
222 2225 379 2286 terrarum
411 2239 473 2287 non
505 2221 568 2284 ista
600 2219 792 2302 permixtio?
830 2239 888 2284 nos
926 2220 997 2285 fixis
1035 2221 1127 2285 decet
1162 2220 1325 2287 instare5

136 2327 300 2412 uestigiis:
342 2327 543 2410 proficiemus
576 2327 660 2390 inter
698 2327 903 2392 aduersantes
940 2326 1077 2411 propriis
1114 2327 1221 2404 bonis,
1254 2327 1281 2391 si

138 2434 294 2500 amoribus
322 2453 383 2501 nou
411 2435 614 2499 inuoluamur
642 2434 772 2509 alienis3
804 2434 918 2516 probat
942 2433 1026 2499 anim
1049 2432 1181 2499 uirtutis
1206 2453 1282 2499 suae

137 2541 279 2606 ualidum
313 2542 418 2613 robur,
452 2543 506 2624 qui
539 2560 613 2605 cum
645 2542 823 2623 impellitur
854 2562 914 2607 non
948 2545 1107 2607 mouetur.
1136 2540 1192 2606 ubi
1220 2536 1326 2607 nonss

100 2674 122 2715 zo
137 2649 243 2713 uariae
265 2645 485 2731 temptationis
506 2647 631 2711 aculei?
651 2647 762 2729 quales
780 2666 836 2729 per
854 2647 939 2711 hunc
956 2648 1022 2712 iere
1039 2648 1147 2731 iugem
1167 2666 1285 2711 annum

138 2753 333 2837 quorundam
360 2753 560 2836 Scytharum,
585 2753 641 2835 qui
664 2754 837 2819 monachos
860 2756 1080 2837 praeferebant
1098 2752 1204 2834 specie
1223 2773 1284 2818 non

138 2862 281 2937 ueritate,
320 2860 517 2943 professione
558 2880 620 2925 non
664 2878 767 2943 opere,
811 2860 923 2925 subtili
965 2863 1067 2925 tectas
1109 2861 1284 2928 calliditate

139 2968 297 3033 uersutias
332 2971 364 3032 et
401 2968 460 3032 sub
497 2968 663 3051 religionis
701 2968 834 3032 obtentu
872 2968 1059 3032 famulantia
1096 2968 1178 3034 odiis
1216 2971 1284 3035 suis

138 3094 257 3139 uenena
283 3073 476 3156 pertulimus
505 3074 671 3137 studentes
701 3092 755 3138 eos
779 3074 818 3137 ab
841 3074 965 3139 interno
989 3074 1121 3139 uulnere
1145 3077 1284 3141 medica-

97 3210 121 3248 n
139 3181 211 3245 bilis
238 3180 410 3263 patientiae
439 3180 652 3245 moderamine
681 3198 802 3257 sanare,
829 3179 916 3245 beati
943 3180 1036 3245 Pauli
1069 3182 1191 3246 monita
1222 3202 1283 3247 non

140 3290 297 3351 tacentes:
334 3286 420 3350 noli
461 3286 600 3351 uerbis
643 3287 906 3364 contendam
949 3287 994 3351 ad
1036 3287 1142 3351 nibil
1184 3289 1284 3352 enirn

138 3394 243 3459 utile
277 3397 340 3458 est
373 3394 454 3459 nisi
487 3394 535 3459 ad
569 3394 882 3459 subuersionem
916 3395 1196 3458 audientium?
1227 3395 1327 3461 sed?

228 3628 258 3680 ll
280 3626 379 3683 Psalm.
401 3626 460 3691 128,
480 3627 496 3681 2
551 3626 585 3681 26
606 3626 673 3683 Tim.
693 3626 766 3691 112,
786 3629 820 3681 14

175 3804 349 3857 lsussensua
370 3802 397 3855 V
447 3800 563 3857 3doror
582 3803 628 3871 qui
648 3802 723 3857 dedit
743 3802 860 3857 adeoV
931 3802 1076 3855 contristat
1093 3803 1134 3872 θμ
1187 3804 1283 3872 ⁴lqui-

137 3890 189 3945 bus
212 3890 268 3944 Vs:
288 3890 361 3960 apud
381 3907 448 3960 qnos
467 3911 485 3963 μ
567 3894 582 3945 6
602 3892 732 3945 ecelesiae
751 3892 830 3955 Bon,
850 3890 964 3944 ecclesia
978 3933 985 3945 .
1000 3931 1006 3944 .
1021 3895 1069 3943 aut
1081 3891 1164 3960 (ipsi)
1177 3892 1285 3945 insueta

138 3980 216 4034 Ball.
236 3980 324 4033 Tour.
366 3980 384 4034 8
397 3980 556 4035 inconcussa
575 3986 621 4035 etc.
630 3997 683 4049 por
697 3980 914 4044 anacolatba'am,
926 3980 1008 4047 quasi
1016 3980 1230 4047 dprocceaaa‘aact
1243 3996 1285 4034 cc·

137 4068 237 4122 clasiae
327 4068 556 4139 incursantiump
611 4070 731 4123 16<est>
744 4072 798 4123 ista
816 4068 887 4123 Bor.
978 4068 1080 4122 instare
1104 4068 1141 4121 V.-
1160 4072 1231 4122 stara
1245 4070 1285 4138 dp

137 4156 172 4209 18
187 4156 409 4211 inuoluamusV
480 4158 512 4211 19
533 4158 579 4227 qui
598 4158 689 4211 anab
779 4158 959 4210 moueaturd
1013 4157 1047 4210 20
1066 4174 1115 4226 par
1133 4157 1205 4211 huuc
1228 4156 1283 4227 Vp:

136 4248 247 4299 nuncil
319 4247 352 4301 21
374 4246 513 4317 sytbarum
538 4247 564 4300 V
651 4246 685 4300 25
704 4246 890 4301 moderatione
909 4245 949 4315 tp
1030 4246 1065 4299 26
1083 4248 1204 4299 tacentes
1228 4246 1283 4315 Vp:

134 4334 301 4389 tenentesb
