3025 4975
227 431 292 495 636
385 426 506 479 Iustinus
526 424 855 489 Hormisdae310hanues
875 422 1033 494 Cpolitarms
1051 420 1212 475 Hormisdae

228 641 337 687 omnes
367 622 541 703 sequautur
568 620 732 698 ecclesiae,
761 622 800 684 ut
785 617 906 684 tnihil
930 616 992 683 sibi
1015 616 1161 681 diabolus
1183 614 1374 679 remansisse

227 728 375 812 gaudeat,
400 747 494 811 quem
512 728 544 791 in
564 731 668 793 totum
686 744 785 809 paene
804 726 868 789 iam
886 726 994 789 nostm
1013 722 1180 788 eoncordia
1198 722 1338 805 gratulat
1337 742 1375 785 ur

228 836 403 899 exclusum.

748 1128 856 1213 (rar.)

274 1290 417 1335 rusrmus
452 1289 614 1335 auausrus
650 1289 827 1335 aoamsnau
859 1288 976 1335 aaran
1047 1268 1171 1349 Quanto
1203 1267 1375 1351 flagramus
1404 1290 1418 1331 ο

231 1378 338 1443 studio
366 1396 422 1460 pro
450 1377 638 1461 colligendis
667 1375 836 1441 concordia
863 1376 1090 1441 sacratissimis
1122 1374 1267 1440 ecclesiis
1300 1374 1377 1439 iarn-

230 1484 351 1549 dudum
378 1485 508 1567 planum
534 1484 649 1549 iecisse
677 1482 881 1559 dinoscimur,
910 1482 965 1565 qui
992 1484 1024 1547 et
1051 1482 1089 1547 ab
1117 1482 1245 1545 ineunte
1269 1483 1376 1545 nostro
1506 1466 1507 1469 ¹

229 1591 362 1673 imperio
397 1590 642 1655 sanctitudinem
680 1593 820 1654 uestram
858 1588 1085 1653 admonendam
1123 1588 1281 1664 duximus,
1315 1606 1376 1669 quo

232 1700 334 1761 certos
367 1697 526 1781 dirigeret,
555 1702 592 1761 ut
618 1697 800 1762 interuentu
829 1714 938 1760 eorum
966 1695 1142 1760 remedium
1170 1693 1299 1775 aliquod
1326 1693 1376 1758 his

229 1804 326 1869 rebus
353 1804 487 1869 inueniri
516 1804 628 1887 possit,
657 1808 698 1880 et,
727 1806 895 1885 antequam
926 1802 1111 1867 aduenerint
1139 1802 1194 1884 qui
1226 1800 1421 1866 destinatio

232 1912 317 1986 sunt,
343 1914 458 1974 cuncta
480 1911 751 1993 praeparauimus,
777 1927 839 1990 quo
863 1909 989 1973 facilius
1012 1910 1272 1991 transigerentur,
1297 1926 1378 1989 quae

189 2030 289 2099 2per
319 2018 399 2080 hauc
431 2016 687 2081 florentissimam
719 2016 829 2080 urbem
864 2014 1058 2098 disponenda
1094 2015 1227 2079 fuerant.
1266 2033 1379 2078 uerum

234 2122 381 2205 quoniam
399 2142 509 2205 preces
528 2126 636 2188 nostro
654 2121 761 2197 numi<
769 2123 992 2206 ni>porrectae
1012 2126 1087 2187 sunt
1101 2142 1138 2185 ox
1152 2120 1287 2185 diuersis
1302 2119 1380 2185 blois

232 2229 407 2313 prouinciis
447 2231 532 2294 certa
568 2230 723 2312 quaedam
760 2228 990 2293 disserentibus
1026 2248 1082 2311 pro
1120 2228 1182 2293 lide
1223 2228 1381 2293 catholica

197 2336 202 2345 '
234 2338 417 2417 secretaque
455 2356 531 2401 suae
568 2336 684 2401 mentis
723 2336 966 2413 declarantibus,
1009 2354 1089 2417 quae
1126 2335 1211 2419 apud
1247 2354 1280 2399 se
1321 2352 1379 2417 pro
1398 2358 1424 2400 rs

233 2442 398 2508 indiuidua
426 2442 566 2508 trinitate
595 2442 770 2508 constituta
796 2444 955 2508 testantur
982 2460 1125 2525 quaeque
1153 2442 1285 2506 firmiter
1308 2460 1380 2506 sese

234 2552 412 2614 retenturos
436 2548 617 2626 ostendunt,
642 2549 755 2630 hisque
778 2549 906 2614 relectis
925 2549 1098 2614 Dioscorus
1118 2549 1224 2630 aliqua
1243 2549 1383 2614 asseruit
1506 2607 1507 2638 ,

235 2677 296 2721 non
310 2656 509 2721 conuenienti
523 2655 631 2720 ordine
644 2656 764 2720 inserta
778 2655 894 2720 luisse:
914 2657 1027 2720 merito
1047 2655 1193 2720 duximus
1213 2655 1382 2737 aperienda
1506 2639 1507 2732 i

190 2777 210 2838 3
235 2762 327 2828 uobis
355 2782 400 2838 ea,
432 2782 512 2846 quae
536 2781 648 2827 sumus
671 2761 786 2828 edocti.
811 2782 871 2826 uon
894 2763 996 2826 multo
1020 2763 1127 2845 itaque
1150 2765 1225 2844 post
1247 2781 1265 2825 a
1286 2761 1380 2826 nobis
1506 2771 1507 2842 l

234 2869 362 2951 quidam
399 2869 611 2934 destinabitur
647 2870 687 2934 ad
729 2871 894 2934 certiorem
932 2869 1108 2934 faciendam
1149 2867 1381 2933 beatitudinem
1399 2897 1426 2936 ro

233 2979 322 3040 tuam
360 2996 455 3058 super
492 2977 639 3042 omnibus
677 2979 709 3041 et
744 2975 951 3041 insinuandas
988 2975 1081 3040 uobis
1119 2975 1381 3058 supplicationes,
1506 2961 1507 3056 l

235 3100 315 3163 quae
325 3080 416 3146 nobis
428 3082 552 3148 oblatae
563 3087 647 3159 sunt,
658 3087 690 3147 ct
699 3102 885 3165 responsum
897 3083 1025 3166 pietatis
1036 3086 1161 3148 uestrae
1170 3080 1381 3158 referendum,
1506 3057 1507 3136 Ϊ

234 3206 297 3269 quo
330 3189 454 3271 possint
484 3190 619 3254 resecari
646 3189 775 3254 tandem
804 3189 1017 3255 dubitationes
1045 3190 1246 3273 incongruae.
1276 3187 1382 3253 securi

234 3295 334 3378 igitur
361 3295 399 3359 de
427 3300 535 3360 nostro
565 3297 697 3360 consilio
727 3295 875 3362 sollicitis
905 3295 1099 3361 orationibus
1131 3295 1255 3378 placare
1285 3295 1383 3360 uobis

273 3607 284 3659 1
306 3606 409 3660 diaboli
430 3606 462 3671 V,
481 3623 549 3662 ωπ.
569 3605 597 3678 1³²

273 3712 338 3768 181.
393 3713 461 3766 Dat.
482 3711 579 3778 (simul
597 3726 658 3764 cam
675 3727 734 3779 epp.
753 3697 971 3775 182183185)
992 3727 1018 3764 a.
1040 3715 1100 3765 520
1119 3711 1163 3765 dic
1179 3713 1217 3764 19
1234 3710 1316 3776 Iau.,·
1330 3725 1385 3778 per

234 3801 394 3869 Eulopium.
465 3800 539 3854 Edu.
563 3799 626 3853 Gar.
645 3798 677 3852 Ρ
697 3802 771 3866 529;
787 3799 856 3854 Bar.
877 3798 916 3853 ud
934 3816 961 3855 a,
984 3803 1049 3864 520,
1071 3803 1103 3867 3,·
1131 3799 1240 3854 Collect.
1263 3797 1385 3864 Corruit,-

240 3889 320 3942 Tbicl
340 3891 407 3942 908.
463 3889 641 3942 decacordia
664 3888 695 3951 V,
715 3903 817 3942 ωνν,ο
873 3889 1104 3957 receperam
1127 3888 1191 3942 Car.
1264 3887 1382 3941 dinosci·

234 3981 281 4031 tur
303 3976 334 4042 V,
353 3977 459 4031 corceat
477 3977 526 4045 (cs.
546 3994 586 4046 cp.
606 3981 668 4031 232
684 3976 705 4048 ἕ
723 3982 751 4042 1)
842 3977 1062 4032 §liniamentum
1085 3977 1116 4042 V,
1136 3993 1204 4033 corr.
1226 3995 1239 4048 ρ
1331 3975 1382 4029 eli-

237 4065 302 4135 quid
325 4064 356 4130 V,
376 4081 479 4119 corno
562 4067 593 4121 ll
612 4066 801 4135 transigentur
823 4065 855 4132 V,
875 4081 942 4120 corr.
963 4065 990 4116 ο2
1067 4067 1099 4120 13
1118 4065 1200 4134 numi!
1228 4065 1258 4130 V,
1279 4079 1383 4119 corno

237 4157 272 4208 14
295 4153 505 4208 maererentibus‘
528 4153 555 4208 V
661 4156 896 4226 rancoremque
925 4155 951 4207 V
1055 4156 1141 4208 menti
1168 4154 1200 4218 V,
1223 4169 1292 4208 corr.
1317 4154 1383 4207 Car.

237 4244 270 4297 17
288 4245 444 4297 recenturoe
467 4243 499 4309 V,
518 4259 621 4315 ωηο
695 4244 843 4297 asaruitV
905 4245 939 4298 20
959 4244 993 4298 od
1012 4264 1038 4298 o:
1058 4261 1075 4297 a
1098 4245 1124 4297 V
1181 4245 1216 4298 22
1235 4249 1326 4313 nostre
1350 4241 1384 4308 V,

235 4348 306 4386 corr.
325 4351 343 4382 α
360 4349 435 4387 man.
454 4336 469 4384 1
522 4333 558 4386 23
577 4331 760 4386 dubitacionie
783 4331 814 4397 V,
834 4348 901 4389 corr.
922 4350 936 4382 ο
1009 4333 1156 4402 incongrue
1182 4332 1211 4398 V,
1231 4347 1302 4389 corr.
1321 4329 1347 4383 οι
