3025 4975
540 445 629 515 Epist.
649 444 710 501 cru
728 448 744 501 a
765 476 798 485 -
818 444 894 501 oxu
912 446 937 499 e.
1244 446 1309 510 505

162 640 243 705 unde
268 644 301 705 et
324 641 425 707 fateor
447 660 497 705 me
520 640 620 705 luisse
644 640 810 716 miratum,
836 659 892 705 cur
917 643 984 703 tam
1013 638 1067 703 diu
1094 639 1212 723 legatio
1240 655 1311 723 pro·

162 748 260 812 misse
292 746 477 825 tardauerat,
511 766 585 811 cum
617 747 761 813 iacienda
792 747 842 811 uis
877 747 930 825 sit,
962 748 1000 810 ut
1031 764 1129 828 regna
1161 744 1311 811 caelestia

162 856 334 939 rapiantur.
367 873 478 919 uerum
502 857 608 935 tamen
631 854 803 919 instinctus
826 853 906 936 ipse,
934 872 1030 936 quem
1057 851 1310 918 mansuetudinis

161 966 288 1026 uestrae
312 962 451 1025 declarat
473 962 659 1043 alloquium,
683 980 772 1044 spem
797 979 950 1043 supernae
967 957 1201 1025 misericordiae
1220 957 1312 1040 polli-

121 1070 268 1143 aceturr
303 1067 450 1151 desuper
471 1070 521 1132 est
553 1068 637 1131 enim
665 1070 698 1131 ct
725 1067 831 1149 ipsum
864 1067 960 1141 uelle,
994 1065 1080 1149 quod
1106 1066 1224 1131 bonurn
1252 1068 1311 1129 eet.

164 1173 286 1240 confido
306 1178 423 1253 autem,
444 1175 592 1257 quoniam
617 1174 679 1257 qni
704 1174 832 1257 coepit
855 1173 886 1237 in
910 1174 1021 1238 uobis
1046 1190 1138 1256 opus
1163 1172 1311 1248 bonum,

163 1280 344 1363 perficiet
367 1298 484 1363 usque
503 1280 541 1344 in
560 1279 684 1344 finem.
732 1298 806 1363 ergo
826 1280 908 1354 uiae,
924 1278 976 1343 cui
995 1278 1158 1361 coepistis
1172 1277 1312 1342 insistite
1335 1274 1357 1349 4,

164 1393 195 1452 et
210 1388 325 1470 spretis
341 1388 512 1453 errantium
526 1386 657 1451 lubricis
668 1386 836 1451 uobiscum
851 1404 946 1469 supra
959 1388 1081 1469 petram
1095 1384 1198 1449 solida
1206 1387 1312 1449 tenete

163 1496 311 1579 uestigia.
339 1495 398 1559 tali
421 1494 523 1559 creuit
546 1494 681 1558 ecclesia
704 1497 813 1557 sancta
837 1511 1002 1567 consensu,
1023 1492 1107 1575 quod
1130 1492 1182 1555 his
1205 1491 1312 1556 uerbis

125 1626 148 1668 re
167 1603 415 1687 apostolicorum
426 1603 702 1665 actuumtestatur
710 1600 859 1665 historia:
875 1598 1143 1666 multitudinis
1164 1597 1314 1663 creden·

165 1712 259 1775 tium
293 1712 372 1773 erat
404 1727 466 1774 cor
496 1727 608 1772 unum
642 1712 679 1771 et
703 1707 825 1771 anima
848 1726 929 1771 una.
955 1704 1314 1788 namquemadmodum

166 1816 309 1882 connecti
333 1817 482 1897 poterunt
504 1814 625 1898 gratiae
648 1814 798 1892 uinculis,
822 1834 957 1897 quorum
981 1814 1101 1880 distent
1124 1812 1219 1877 corda
1246 1830 1356 1881 sen..

165 1924 299 1989 tentiis?
351 1922 411 1999 lac,
432 1921 557 1985 dominc
576 1921 758 2005 imperaror,
779 1922 928 1986 effectum
947 1940 1052 1985 remm
1069 1920 1166 1984 fidem
1183 1919 1315 2002 probare
1340 1917 1359 1979 5

166 2031 346 2095 uerborum.
372 2047 432 2093 noa
458 2027 539 2092 enim
565 2028 764 2093 sermonibus
784 2032 1020 2112 cognoscuntur
1037 2027 1201 2091 hominum
1221 2025 1317 2091 corda

123 2161 150 2203 re
168 2137 223 2203 sed
250 2135 421 2211 fructibus,
451 2154 523 2199 cum
552 2138 584 2199 et
610 2135 769 2199 Abraham
796 2139 887 2217 peter
914 2137 1022 2199 noster
1053 2153 1114 2197 non
1143 2132 1229 2198 nuda
1256 2131 1315 2195 deo

166 2242 226 2307 fide
255 2241 313 2306 sed
342 2260 433 2323 opere
461 2240 555 2306 fidem
585 2242 824 2307 commendante
847 2242 1012 2324 placuerit.
1076 2240 1159 2305 unde
1182 2239 1243 2305 uel.
1258 2258 1314 2320 pro
1339 2238 1359 2301 6

168 2348 404 2431 dispensatione
428 2348 507 2412 mihi
527 2348 645 2414 credita
668 2349 721 2413 uel
743 2348 874 2431 pietatis
898 2351 1023 2412 uestrae
1048 2348 1131 2413 circa
1153 2366 1205 2410 me
1228 2344 1316 2409 beni·

169 2456 289 2541 gnitate
317 2474 481 2540 perpensa,
507 2455 631 2520 domine
655 2454 711 2532 fili,
735 2455 845 2522 hortor
868 2459 900 2520 et
923 2455 1079 2538 supplico,
1109 2456 1145 2518 ut
1173 2451 1316 2518 studium

168 2564 266 2644 pacis,
296 2563 380 2645 quod
407 2563 608 2646 perscripta
635 2563 810 2645 praefertis,
839 2561 879 2626 ed
907 2560 1122 2643 componenda
1148 2560 1316 2624 nobiscum

129 2697 154 2735 1ο
170 2670 312 2734 adiutore
332 2669 389 2734 deo
410 2689 446 2734 ea
463 2669 495 2733 in
515 2669 576 2747 his,
593 2669 709 2752 quibus
723 2669 870 2734 laborent
888 2669 1050 2744 ecclesiae,
1073 2667 1227 2752 dirigatis,
1243 2665 1317 2748 quia

172 2776 544 2860 secundumprophetam
563 2795 630 2860 pax
649 2777 770 2840 multe
789 2775 1042 2859 diligentibus
1061 2792 1192 2838 nomen
1211 2777 1316 2836 tuum

174 2887 295 2948 etnon
311 2883 465 2948 estillic
481 2881 708 2947 scandalum.
751 2879 1318 2966 nonsuntincognitaapudmansue·
1342 2875 1361 2938 7

171 2989 314 3054 tudinem
339 2993 489 3067 uestram,
515 3008 594 3071 quae
612 3007 670 3054 nos
691 2989 728 3054 ab
749 3008 796 3067 ea,
817 3009 910 3071 quarn
929 2988 1141 3071 redintegrare
1161 2986 1318 3068 cupimus,

173 3097 293 3160 unitate
314 3095 503 3160 discernant.
528 3094 599 3158 date
620 3113 756 3177 operam,
777 3098 814 3159 ut
831 3093 999 3168 laudando,
1019 3112 1098 3175 quae
1117 3089 1319 3173 profitemini,

132 3233 157 3272 as
175 3203 391 3286 compleantur
414 3201 539 3279 effectu,
565 3210 596 3266 et
620 3201 767 3284 apostoli,
792 3201 883 3265 cuius
911 3199 1163 3265 communionem
1192 3194 1320 3260 creditis

131 3395 133 3402 Ι
175 3308 389 3393 expetendam,
422 3307 499 3372 totis
532 3308 655 3372 uiribus
689 3307 859 3390 sequimini
895 3306 1105 3390 disciplinam.
1147 3305 1178 3368 in
1215 3305 1321 3368 totum

174 3417 296 3500 perdita
323 3415 487 3480 noxiorum
516 3414 670 3480 declinate
694 3414 841 3498 contagia
863 3413 1001 3479 scientes
1025 3432 1086 3477 non
1109 3412 1223 3476 habere
1248 3429 1320 3474 corn
1344 3457 1347 3464 .

176 3521 333 3607 religiosis
356 3521 472 3604 impios
497 3521 672 3604 portionem
695 3539 753 3585 nec
776 3521 880 3584 ullum
904 3519 978 3584 fidei
1001 3538 1074 3583 cum
1096 3516 1228 3601 perfidia
1250 3535 1321 3580 esse

178 3629 379 3694 consortium.
431 3647 627 3710 consequens
652 3631 712 3704 est,
736 3631 774 3691 ut
798 3627 852 3709 qui
876 3644 1016 3691 errorum
1040 3626 1216 3690 detestatur
1238 3623 1321 3706 prin·
1346 3624 1366 3687 8

136 3736 272 3820 scripse,
306 3735 409 3800 oderit
441 3737 631 3812 sectat01·es;
666 3735 856 3800 exsecrabile
884 3733 1037 3798 habeatur
1064 3733 1094 3822 in
1123 3731 1208 3805 flore,
1238 3729 1323 3812 quod

264 3961 453 4016 2111111111.
475 3961 569 4024 11,12
642 3960 876 4032 dPhilipp.1‚6
950 3960 984 4014 10
1003 3958 1062 4012 aet.
1081 3959 1107 4021 4,
1127 3959 1162 4012 32
1236 3958 1268 4010 15
1288 3954 1321 4010 cf.

178 4053 275 4107 Matth.
296 4053 321 4112 7.
344 4053 376 4104 16
430 4051 463 4104 21
483 4049 582 4106 Psalm.
604 4051 663 4114 118,
684 4052 733 4104 165
789 4050 823 4102 21
844 4066 884 4118 sq.
904 4047 937 4102 ef.
958 4047 1017 4102 Cor.
1038 4046 1110 4110 116,
1132 4047 1165 4100 14
1184 4063 1223 4114 sq.

213 4171 910 4242 2111εεί1211111(σβΜα1111.11,12).·111831117
946 4167 1098 4240 dcepitV
1136 4168 1281 4238 ‘r'cepistis
1300 4167 1327 4220 V

182 4266 328 4320 8solidanr
349 4283 367 4315 α
438 4267 514 4317 tenet
532 4262 565 4324 V,
584 4278 686 4317 corae
751 4261 784 4315 12
805 4261 918 4314 coniecti
938 4260 969 4319 V.
990 4274 1091 4313 corne
1158 4257 1189 4310 17
1209 4257 1324 4326 despen-

182 4351 323 4409 sationeV
358 4353 430 4432 20111
440 4352 482 4406 his
496 4351 526 4415 V,
536 4352 702 4421 au'ciuiepro
713 4350 826 4404 lectione
860 4350 948 4404 acet
980 4347 1128 4402 execrabile
1142 4345 1221 4398 Bure.
1238 4345 1324 4398 Taur.
