3025 4975
512 428 598 500 epist.
617 429 705 485 euru
725 432 737 485 1
760 462 793 470 -
813 430 914 487 ccnn
933 432 957 485 a.
1237 438 1305 501 663

196 768 358 813 nemeen
380 769 551 815 arnume
575 770 727 816 errscoeo
753 772 1139 819 consnnunmoromnnno.
1205 752 1304 837 Opor-

152 860 260 921 tuerat
279 855 409 938 quidem
427 858 657 922 fraternitatem
676 861 765 923 tuam
787 858 886 923 diuini
906 859 1173 941 contemplatione
1192 861 1303 927 iudicii
1414 875 1415 890 ¹

153 966 250 1045 atque
294 964 436 1028 caritatis
478 969 604 1029 nostrae
645 970 794 1048 respectu
836 966 962 1031 Heliam
1014 967 1167 1033 Thomam
1210 970 1306 1051 atque

122 1070 375 1135 sNicostratum
411 1071 523 1136 fratres
561 1074 595 1135 et
631 1072 838 1155 coepiscopos
880 1076 1016 1147 nostros,
1058 1078 1230 1158 postquam
1270 1076 1303 1141 in

153 1177 354 1243 consortium
383 1178 614 1243 communionis
638 1181 764 1244 nostrae
788 1181 976 1262 recepimus,
1002 1180 1041 1245 ad
1065 1181 1173 1246 diuina
1196 1184 1304 1247 tecum

151 1284 308 1367 mysteria
339 1284 558 1350 incunctanter
589 1285 757 1350 admittere
790 1290 885 1368 atque
919 1286 959 1351 sd
992 1286 1143 1354 ecclesius
1172 1308 1257 1366 suas,
1287 1309 1305 1354 a

152 1392 272 1473 quibus
312 1409 368 1455 eos
405 1390 581 1457 discordiae
619 1412 704 1457 error
740 1392 925 1472 excluserat,
963 1413 1019 1476 pro
1056 1394 1144 1475 pacis
1177 1400 1304 1460 nostrae

150 1496 354 1580 plenitudine
386 1516 547 1575 reuocare,
580 1502 618 1563 ut
639 1499 765 1575 ‘unitas
797 1518 891 1583 quam
919 1505 994 1583 post
1020 1518 1172 1566 annorum
1200 1503 1304 1567 multa

112 1626 136 1665 ιο
153 1603 316 1668 curricula
346 1623 403 1687 per
433 1608 540 1671 totum
571 1607 679 1671 orbem
713 1608 782 1670 suis
816 1606 895 1671 deus
927 1608 1119 1672 restaurauit
1148 1606 1303 1685 eeclesiis,

152 1710 242 1774 nulla
274 1711 480 1777 uoluntatem
512 1716 692 1778 nostrarum
729 1714 883 1779 distantia
913 1714 1102 1779 laederetur.
1136 1714 1192 1779 sed
1230 1714 1349 1797 quia2

151 1836 219 1882 rem
242 1822 310 1886 tam
331 1822 454 1904 gratam
474 1820 507 1883 et
524 1822 651 1900 patrum
670 1820 801 1885 statutis
822 1820 1056 1885 uenerabilibus
1076 1824 1304 1905 congruentem

152 1927 349 2008 quibusdam
381 1926 586 1991 tarditatibus
624 1926 759 2011 contigit
795 1946 878 1992 nunc
915 1946 1017 2009 usque
1055 1927 1181 2004 differri,
1220 1926 1304 1991 unde

152 2034 251 2097 etiam
265 2032 307 2097 ad
322 2032 520 2098 decessorem
535 2032 742 2098 fraternitatis
757 2038 832 2099 tuae
843 2052 900 2099 nos
912 2034 1303 2117 scripsissememinimus,

112 2158 135 2199 ιε
151 2140 320 2205 hortamur
351 2143 389 2203 ut
417 2140 583 2217 laetitiam,
617 2159 712 2221 quam
743 2140 781 2204 de
811 2140 958 2205 damnata
984 2141 1155 2223 praeterita
1182 2139 1303 2205 dissen-

152 2247 243 2311 sione
277 2246 482 2329 percipimus,
515 2246 547 2310 in
576 2247 664 2311 nullo
691 2246 808 2311 iterum
842 2246 1088 2330 discrepantium
1128 2247 1303 2312 animomm

154 2372 253 2419 causa
287 2354 463 2418 contristet.
497 2354 613 2418 etenim
646 2353 725 2417 nulli
759 2354 888 2418 uidetur
920 2372 978 2419 uos
1011 2354 1177 2419 nobiscum
1210 2354 1303 2437 pleno

154 2460 391 2526 communicare
406 2461 521 2526 mentis
542 2460 668 2536 affectu,
688 2462 716 2527 si
735 2480 789 2527 eos
810 2461 864 2544 qui
883 2462 1049 2527 nobiscum
1070 2462 1305 2528 communicant

153 2572 307 2633 anestro
333 2568 491 2633 consortio
515 2569 703 2653 segregetis.
726 2570 890 2634 incassum
916 2571 999 2634 certe
1023 2569 1172 2634 uidentur
1196 2587 1307 2652 pacem
1332 2577 1355 2640 3

112 2695 138 2734 so
154 2675 309 2758 recipere,
327 2676 397 2758 ·qui
434 2675 522 2758 pacis
561 2675 711 2739 differunt
745 2679 915 2758 praecepta
952 2676 1120 2758 complere.
1159 2653 1310 2758 quinipuid

154 2781 240 2845 enim
264 2780 297 2845 in
322 2781 449 2846 illorum
474 2781 678 2863 suscipienda
701 2781 923 2847 communione
947 2782 1125 2860 moramini,
1145 2781 1182 2846 de
1202 2785 1311 2848 nostra

154 2887 393 2969 quodammodo
426 2888 684 2954 reconciliatione
717 2889 883 2954 detrahitis
918 2892 949 2953 et
981 2889 1212 2970 prouidendum
1249 2893 1308 2966 est,

153 2995 255 3058 frater
279 2993 456 3071 karissime,
480 3015 519 3060 ne
543 2995 571 3060 si
595 2996 803 3061 ecclesiarum
827 2999 1006 3060 nostrarum
1025 2995 1152 3060 tandem
1174 2995 1312 3077 desuper

153 3101 285 3166 indulta
308 3099 476 3164 concordia
499 3100 537 3164 ab
562 3099 612 3164 his
638 3101 800 3166 exordium
824 3105 932 3166 sumat
956 3101 1117 3184 exemplis,
1143 3104 1175 3166 et
1203 3102 1309 3186 religi-

112 3230 138 3268 os
156 3207 227 3272 onis
247 3206 426 3272 ueneranda
445 3206 556 3291 regula
576 3211 609 3272 et
627 3208 821 3289 apostolieae
841 3207 926 3273 sedis
942 3208 1115 3274 auctoritas
1129 3208 1311 3286 imminuta,

157 3313 245 3397 quod
270 3313 365 3389 absit,
388 3331 445 3394 per
468 3311 629 3378 Orientem
653 3315 761 3396 potius
786 3333 880 3396 quam
905 3314 1056 3380 restituta
1079 3315 1235 3380 uideatur.

192 3502 265 3556 204.
320 3501 389 3556 Das.
410 3519 436 3556 a.
458 3505 513 3556 521
526 3508 591 3570 post
609 3501 680 3556 diens
698 3506 739 3556 26
756 3503 846 3556 Mart.
920 3503 994 3558 Edd.
1017 3505 1079 3558 Car.
1099 3503 1130 3557 Ρ
1150 3509 1218 3570 5415
1237 3505 1310 3560 Bar.

157 3591 198 3644 ad
217 3608 245 3644 a.
268 3593 333 3654 520,
354 3593 407 3656 655
433 3589 541 3644 Ocllect.
570 3591 688 3655 Consti,
705 3591 787 3644 BTA
807 3591 827 3644 I
846 3594 918 3658 444;
945 3591 1024 3646 Thiei
1048 3595 1114 3644 982.
1206 3593 1308 3648 treci-

155 3681 248 3751 pimns
272 3679 304 3741 V,
324 3667 399 3733 corr}
413 3678 472 3733 cod.
490 3680 614 3750 Ampelio.
653 3681 686 3733 15
705 3679 833 3733 damnate
851 3682 999 3750 praeterita
1018 3681 1184 3736 dissensione
1198 3683 1312 3751 scripsi:

157 3769 288 3822 damnato
307 3769 468 3838 praeteritae
482 3767 649 3823 dissensione
668 3768 698 3834 V,
714 3769 840 3822 damnato
855 3770 1017 3838 praeteritae
1033 3769 1206 3824 dissentionis
1222 3789 1309 3826 errore

159 3854 227 3912 Cur.
295 3857 327 3910 16
346 3857 422 3910 nulla
444 3857 475 3921 V,
494 3873 563 3912 corr.
583 3859 653 3912 Bur.
719 3859 751 3912 17
771 3857 911 3912 uobiscum
936 3858 967 3920 V.
987 3875 1057 3914 corr.
1077 3857 1104 3910 0²
1166 3861 1199 3914 19
1218 3877 1309 3930 segre·

156 3948 234 4016 getis
253 3963 286 4000 aa
304 3947 456 4016 segregatis
475 3963 543 4001 corr.
569 3946 606 4000 V:
625 3947 776 4017 segregatis
796 3964 809 3996 o
878 3947 912 4000 20
933 3949 978 4016 qui
999 3947 1053 4001 leui
1071 3963 1175 4000 rasura
1195 3965 1227 4002 sa·
1245 3949 1312 4018 quia

156 4033 279 4090 scmV
