3025 4975
465 466 552 535 rupen.
571 464 689 519 orxxv
707 466 725 519 a
743 496 778 505 -
798 463 931 519 onxxvr
949 465 973 518 a
1227 466 1291 531 633

661 660 771 761 (111.)

191 804 346 850 normann
368 804 552 849 marmiano
581 804 729 850 mrusrar.
776 786 998 850 Benedioimus
1026 785 1185 850 ineffabile
1213 786 1294 851 diui·

152 892 253 957 nitatis
277 892 443 967 auxilium,
468 892 603 975 quiade
628 892 833 957 eeclesiarum
858 912 936 976 paee
965 892 1185 957 uniuersitatis
1211 893 1292 957 desi-

155 996 265 1062 derium
291 998 351 1063 sub
375 998 605 1081 tranquillitate
629 999 820 1083 agnouimus
843 999 945 1063 fuisse
973 1000 1178 1082 completum.
1209 999 1293 1082 quod

129 1092 271 1185 equidem
305 1123 366 1169 non
398 1107 523 1187 praeter
555 1104 731 1187 opinionem
765 1109 905 1169 nostram
939 1106 1076 1189 contigit
1106 1106 1184 1183 fieri,
1218 1106 1294 1188 quia

153 1210 379 1294 religiosissimi
391 1211 532 1295 Augusti
545 1212 743 1294 praesumpti
760 1230 873 1295 genere
889 1232 977 1294 spem
994 1232 1119 1295 semper
1134 1212 1292 1297 gessimus

154 1316 186 1379 de
215 1318 321 1400 quiete
354 1320 386 1383 et
419 1318 609 1383 credidimus
632 1319 813 1383 faciendum
842 1319 901 1384 sub
930 1320 1073 1403 principe
1102 1319 1290 1397 Christiano,

155 1425 267 1505 (quod)
296 1426 335 1489 de
359 1425 550 1490 adunatione
578 1424 705 1489 eratin
733 1427 821 1491 uoto.
851 1444 946 1509 quare
975 1426 1105 1491 habebit
1132 1420 1337 1511 gloriosns2

153 1530 313 1614 imperator
338 1532 376 1595 de
405 1532 465 1597 hae
495 1550 592 1597 eausa
620 1532 855 1615 triumphorum
884 1533 1009 1611 titulos,
1034 1552 1094 1597 non
1118 1533 1234 1616 quibus
1259 1554 1293 1599 se

120 1662 140 1703 n
154 1636 263 1703 obliuio
287 1638 493 1703 mortalitatis
517 1640 694 1714 interserat,
719 1639 776 1703 sed
799 1658 879 1721 quos
908 1638 1087 1704 diuinitatis
1111 1640 1213 1723 gratia
1232 1640 1292 1705 sub

153 1745 357 1826 perpetuitate
372 1746 546 1823 confirmat,
563 1747 596 1810 et
608 1746 701 1809 uobis
721 1764 847 1828 quoque
868 1746 1014 1811 eoelestis
1030 1747 1292 1811 remunerationis

154 1868 207 1914 non
230 1850 331 1916 deerit
353 1852 541 1935 praemium,
566 1852 620 1934 qui
645 1852 815 1917 adiuuistis
840 1853 913 1917 boni
936 1852 1086 1937 principis
1106 1853 1291 1917 institutum

155 1959 240 2038 atque
272 1957 426 2040 obsequio
455 1958 656 2023 conuenienti
685 1958 842 2024 desiderio
871 1960 1032 2025 horrorem
1061 1961 1292 2045 segregationis

154 2062 266 2128 lecistis
305 2064 441 2129 excludi.
483 2064 727 2131 benedictus
770 2066 957 2131 dominus
1000 2066 1099 2131 deus
1141 2070 1290 2143 noster,

119 2171 214 2251 aqui
244 2171 443 2237 uisitauit
472 2174 511 2235 et
535 2171 637 2236 feeit
663 2170 986 2252 redemptionem
1014 2170 1149 2255 plebis
1179 2176 1291 2237 suae!

156 2281 294 2358 superest
316 2296 400 2342 nunc
424 2281 471 2354 ut,
496 2277 571 2360 quia
593 2278 687 2343 nobis
711 2276 896 2342 huiusmodi
927 2276 1068 2342 odicium
1097 2281 1218 2342 eertum
1244 2283 1293 2343 est
1317 2274 1338 2336 3

154 2384 346 2464 prouidentia
377 2385 556 2449 diuinitatis
587 2384 777 2463 iniunctum,
806 2383 993 2467 attingatis,
1017 2388 1054 2449 ut
1082 2384 1136 2459 ait,
1164 2385 1292 2451 lumbos

156 2494 184 2554 et
194 2491 340 2573 pacificae
355 2491 585 2557 adhortationis
606 2493 729 2556 uiribus
748 2491 993 2575 persequamini,
1009 2511 1027 2555 a
1046 2493 1162 2574 quibus
1181 2513 1292 2575 paoem

155 2613 209 2660 non
244 2599 362 2663 uidetis
401 2598 541 2683 agnosci,
582 2599 718 2663 maxime
755 2599 831 2681 quia
868 2599 987 2682 gloriae
1026 2603 1149 2664 uestrae
1192 2599 1293 2664 detra·

118 2729 140 2767 n
155 2701 243 2782 titur,
271 2706 299 2769 si
328 2705 404 2788 quid
426 2705 458 2769 in
482 2706 541 2770 hae
570 2725 666 2771 eausa
693 2707 791 2770 fuerit
813 2705 920 2770 minus
953 2705 1130 2788 impletum.
1161 2707 1293 2772 eiroum-

154 2809 292 2892 inspicite
321 2812 429 2877 omnia
459 2812 521 2877 fide
554 2833 616 2897 qua
652 2812 766 2878 uiuitis
804 2819 836 2876 et
873 2812 1037 2897 diligentia
1075 2833 1137 2896 qua
1173 2814 1292 2897 uigetis

156 2919 299 2983 occurrite
332 2919 479 2984 omnibus
512 2920 704 2996 incursibus,
738 2919 854 3003 quibus
871 3001 874 3008 ι
891 2920 1055 3004 religionis
1094 2920 1292 2986 Christianae

154 3025 353 3090 reuerentiam
381 3026 501 3091 uidetis
524 3045 596 3092 esse
624 3029 780 3104 uersatam,
805 3029 842 3090 ut
864 3026 1034 3091 instantiae
1063 3029 1189 3092 uestrae
1217 3026 1291 3091 boui

154 3131 307 3210 possimus
331 3151 404 3198 eum
429 3133 621 3198 exultatione
645 3133 766 3198 dicere:
797 3133 1118 3198 reminiscentur
1146 3137 1184 3198 et
1208 3153 1293 3197 oon·

238 3393 270 3446 14
287 3392 353 3448 Luc.
374 3393 398 3457 1,
418 3393 452 3446 68
509 3395 542 3447 17
562 3393 594 3447 of.
614 3393 686 3448 Esai.
706 3395 749 3458 62,
772 3395 802 3447 11
860 3394 895 3448 24
913 3393 1013 3447 Psalm.
1034 3394 1077 3458 21,
1097 3395 1131 3446 28

186 3568 252 3622 116.
288 3568 357 3623 Dat.
377 3574 409 3622 nt
428 3585 468 3637 ep,
488 3573 553 3625 168.
611 3569 685 3624 Eoo.
709 3570 772 3624 Cor.
793 3570 824 3624 1²
845 3573 918 3636 503;
940 3569 1049 3624 Collect.
1074 3569 1191 3636 Concil.;
1210 3569 1292 3624 Bra

154 3653 175 3707 Ι
189 3658 254 3722 4,26;
275 3657 355 3711 rasel
373 3660 437 3711 881.
501 3659 627 3728 degusti
646 3658 798 3728 psumtiV
860 3659 1119 3729 716<1111011>13111Ι
1183 3659 1292 3728 8quod

152 3745 251 3799 inserui
297 3753 392 3802 uotum
417 3748 448 3814 V,
467 3750 587 3815 oorreaei;
603 3749 635 3803 io
652 3749 726 3817 qaod
742 3749 857 3812 restitui,
871 3750 1022 3817 requie-itur
1036 3751 1118 3803 etiam
1137 3748 1293 3803 sonantium

153 3835 318 3902 syllabarum
337 3838 525 3892 consonantia
543 3839 683 3904 (auxilinm
699 3881 705 3892 .
722 3880 727 3891 .
743 3837 926 3892 desiderium.
944 3881 949 3892 .
965 3838 1138 3908 completum,
1158 3853 1287 3906 genere

154 3924 247 3991 quiete,
265 3925 420 3981 Christiano
431 3970 437 3982 .
449 3967 455 3979 .
466 3929 531 3980 uoto
546 3931 605 3988 etc.)
644 3927 678 3980 lo
691 3942 729 3993 eq.
745 3943 826 3996 super
841 3925 976 3994 petoitate
990 3926 1021 3988 V,
1037 3941 1104 3979 corr.
1116 3942 1134 3975 α
1147 3941 1220 3978 mon.
1240 3942 1291 3979 rec.

155 4013 184 4064 ll
204 4016 339 4070 confirmet
351 4015 415 4070 east.
434 4031 486 4084 roy.
505 4030 602 4069 maa
618 4015 793 4084 syllabarum
812 4014 997 4068 consonantia
1015 4015 1190 4083 (interserat.
1207 4056 1212 4067 .
1229 4031 1291 4068 eon·
1392 4047 1400 4070 ·

153 4100 248 4169 firmat)
320 4105 353 4158 12
374 4104 475 4158 deserit
497 4104 528 4169 V,
547 4119 616 4158 corr.
636 4101 664 4155 0²
744 4102 876 4157 adiuuisli
899 4103 931 4164 V,
947 4119 1015 4158 corr.
1038 4102 1101 4156 Cor.
1176 4103 1209 4156 13
1229 4119 1292 4155 eon-

154 4192 281 4248 ueuientis
304 4193 336 4256 V,
355 4210 426 4248 corr.
446 4193 508 4246 11111.
527 4209 581 4262 rep.
679 4195 711 4246 16
729 4191 917 4246 huiuscemodi
936 4191 1019 4260 1111191)
1038 4207 1099 4246 cnm
1118 4209 1135 4241 α
1205 4192 1237 4244 19
1257 4201 1293 4260 ga

153 4278 224 4345 osted
241 4289 302 4337 onte
319 4283 424 4352 gloriae
443 4281 548 4336 adibat
562 4281 589 4336 V
600 4281 652 4336 del.
672 4282 790 4337 Hartel:
808 4266 858 4351 gra
877 4283 922 4352 (ε
939 4281 1038 4350 gratia)
1055 4299 1080 4344 α,
1101 4281 1204 4350 gratiae
1227 4280 1290 4334 Cor.

154 4366 186 4418 22
204 4366 253 4421 hoe
274 4371 371 4424 currite
395 4369 427 4435 V,
447 4386 515 4424 corr.
535 4389 549 4421 ο
603 4371 639 4425 23
657 4371 722 4424 boni
746 4369 781 4424 V:
800 4371 870 4424 bene
891 4367 918 4420 0¹
