3025 4975
230 411 295 473 640
408 406 543 459 lohannes
563 404 723 475 Opolitaaus
741 404 916 470 Hornrisdae;
937 405 1076 475 suggestio
1094 405 1246 473 legatorum

748 599 856 684 (184.)

227 749 388 793 suuntur
420 747 605 791 Ruasrlours
638 746 791 791 IOHANNIS
823 744 968 790 EPISCOPI
997 742 1380 789 cousruuuluoPoul‘rArsl.

273 872 390 918 domno
418 872 478 917 auo
506 871 566 915 ren
594 871 693 916 eumn
719 869 850 915 aunam
879 870 940 915 ano
971 868 1238 923 snucnrssmoqua
1261 868 1381 913 annana

227 982 267 1025 ea
298 978 579 1025 conmmsrnsronr
605 976 782 1022 acarnanas
816 976 975 1021 ronnuuas
1008 976 1043 1021 ru
1074 976 1191 1021 noaruo
1225 976 1379 1021 saturas.
1505 1022 1506 1037 χ

227 1068 383 1133 Paulinus
408 1067 457 1130 uir
478 1067 633 1130 honestus
658 1064 813 1142 defensor,
839 1064 893 1146 qui
917 1065 1059 1127 uestram
1076 1064 1188 1128 retulit
1206 1064 1380 1145 epistolam
1408 1084 1421 1123 a
1505 1074 1506 1141 j

227 1178 415 1256 uestraeque
445 1172 625 1237 sanctitatis
653 1172 790 1236 uirtutes
818 1172 849 1234 in
884 1189 916 1235 se
950 1170 1119 1235 ostendens
1153 1190 1226 1235 cum
1258 1169 1379 1255 gaudio

226 1282 394 1347 uobiscum
434 1282 652 1350 conuersatus.
690 1298 780 1342 suam
814 1278 1114 1353 solli<ci>tudinem
1151 1276 1378 1342 communibus

228 1387 369 1452 consiliis
394 1386 581 1467 actibusque
606 1384 751 1448 contulit.
777 1384 1005 1465 sedquoniam
1031 1382 1069 1446 ad
1094 1402 1152 1447 uos
1172 1384 1379 1448 festinantem

228 1514 289 1558 aon
315 1492 480 1575 oportebat
504 1511 576 1555 eum
600 1489 766 1573 prolixiore
791 1494 933 1571 tempore
956 1491 1116 1568 remorari,
1139 1489 1274 1570 ideoque
1298 1490 1376 1553 reci·
1505 1560 1506 1567 q

227 1598 330 1681 procis
369 1598 566 1679 alloquentes
602 1599 744 1660 uestram
787 1596 989 1660 sanctitatem
1030 1596 1155 1680 protegi
1195 1597 1377 1680 praefatum
1396 1619 1423 1659 ro
1505 1590 1506 1639 l

226 1706 331 1770 uirum
362 1710 393 1769 et
420 1704 520 1769 uestri
544 1704 675 1787 dignum
700 1700 816 1766 amoris
840 1702 966 1766 fidelem
990 1722 1118 1767 seruum
1144 1702 1378 1767 subsistentem

184 1819 203 1878 2
228 1812 497 1877 commendamus.
527 1810 588 1876 erit
615 1813 722 1875 autem
750 1810 789 1874 de
817 1810 878 1886 his,
909 1828 989 1891 quae
1018 1830 1036 1873 a
1064 1809 1154 1874 nobis
1184 1812 1274 1891 gesta
1298 1813 1378 1873 sunt

226 1940 281 2002 pro
318 1923 426 1983 uestro
464 1920 578 1994 animo,
617 1921 649 1981 et
686 1917 769 1981 circa
801 1919 928 1981 sanctas
962 1916 1112 1980 ecclesias
1147 1916 1376 1993 sollicitudine,

227 2046 322 2110 quam
351 2027 490 2110 gerimus
518 2024 698 2109 uigilantes,
726 2023 820 2088 uobis
850 2022 965 2107 dignus
993 2022 1066 2087 fidei
1100 2024 1268 2087 enarrator.
1301 2042 1377 2087 nam

227 2153 283 2197 nos
321 2132 515 2197 orationibus
552 2133 677 2195 uestrae
711 2131 890 2195 sanctitatis
925 2133 957 2194 ct
988 2131 1164 2194 naturalem
1196 2130 1376 2194 bonitatem
1398 2152 1424 2191 1⁵

225 2238 321 2302 huius
350 2238 395 2301 rei
421 2237 628 2317 respicientes
655 2236 943 2320 uigilantissimum
976 2237 1130 2301 habemus
1164 2236 1307 2300 studium
1345 2239 1379 2299 et

227 2344 285 2408 deo
319 2348 507 2425 cooperante
537 2344 570 2407 in
601 2343 749 2425 plurimis
782 2344 914 2408 uerbum
948 2344 1067 2427 gratiae
1096 2342 1275 2407 discurrens
1306 2342 1377 2405 sine

181 2458 201 2520 3
226 2451 333 2533 aliqua
356 2450 544 2516 obsistentia
567 2449 605 2514 ad
630 2449 779 2514 effectum
802 2454 943 2514 nostram
967 2450 1056 2515 ducit
1078 2450 1296 2516 intentionem.
1318 2448 1378 2514 sed

226 2558 300 2638 quia
328 2558 531 2622 difficultates
559 2557 683 2639 aliquae
712 2561 925 2633 accesserunt,
956 2557 1180 2642 gubernatione
1204 2557 1318 2638 utique
1345 2557 1379 2621 et

225 2664 296 2727 miti
319 2663 528 2747 dispositione
552 2683 597 2740 ea,
619 2683 698 2746 quae
718 2665 791 2727 hinc
813 2668 991 2740 mouentur,
1013 2665 1137 2745 oportet
1156 2666 1378 2745 competenter
1397 2685 1426 2725 ao
1505 2645 1506 2670 ¹

226 2771 347 2851 exponi,
377 2771 462 2834 sicut
489 2773 521 2834 et
548 2774 656 2834 uestra
684 2772 849 2853 cognoscit
877 2791 972 2853 super·
1005 2771 1110 2834 omnia
1143 2769 1306 2851 sanctitas,
1333 2775 1377 2845 et,
1505 2759 1506 2778 ¹

226 2876 492 2957 quemadmodum
527 2879 652 2957 oportet
684 2895 748 2953 eoa,
783 2878 837 2959 qui
871 2897 983 2960 greges
1016 2877 1066 2941 dei
1099 2895 1227 2958 pascere
1265 2877 1377 2942 sortiti

226 2984 309 3057 sunt,
334 2981 484 3046 uniuersa
505 2983 544 3045 ad
569 2982 702 3065 gloriam
727 2983 776 3046 dei
802 2986 834 3047 et
857 3003 949 3066 agere
969 2986 1005 3064 et
1023 2983 1127 3048 moliri
1146 3002 1237 3066 spem
1256 2983 1378 3048 salutis

260 3190 329 3246 184.
367 3189 434 3244 Dat.
455 3209 481 3246 a.
504 3193 563 3244 520
575 3192 626 3244 sub
640 3191 726 3259 finem
740 3192 840 3244 muisis
853 3191 995 3258 Ianuarii,
1010 3209 1063 3260 per
1076 3192 1244 3258 Paulinum
1257 3207 1376 3259 resposi-

224 3280 268 3333 det
286 3279 455 3333 Hormisdae
472 3281 607 3347 epistulae
630 3280 742 3333 cuidam
761 3281 919 3348 deperditae
938 3283 1022 3335 datae
1042 3283 1138 3346 (amul
1156 3299 1216 3336 cum
1235 3298 1294 3349 epp.
1315 3285 1377 3336 175

223 3374 249 3422 et
266 3372 340 3435 227)
361 3369 405 3421 die
425 3373 443 3420 3
460 3369 526 3422 Dee.
547 3385 572 3421 a.
595 3371 655 3424 519.
711 3369 785 3422 Eud.
805 3369 868 3422 Cur.
888 3369 918 3422 1²
931 3373 1003 3436 552;
1024 3371 1132 3424 Gallici.
1155 3371 1273 3438 Concil.;
1293 3371 1379 3425 rasel

225 3459 291 3511 985.
364 3459 380 3511 2
401 3457 528 3510 Iohannis
548 3476 577 3511 a:
603 3458 750 3527 Epiphanii
772 3457 849 3522 Car.‚·
869 3460 904 3526 cf.
924 3475 966 3519 ea,
986 3476 1056 3526 quae
1079 3461 1213 3527 epistulae
1232 3463 1288 3514 183
1306 3462 1375 3514 sieb-

222 3548 329 3610 uotaui,
351 3553 375 3599 et
393 3547 522 3615 Beitrdpe
534 3564 565 3614 p.
587 3550 620 3598 41
637 3564 692 3614 sqq.
785 3550 801 3601 5
820 3549 863 3600 uir
880 3548 1011 3654 honcsctus
1030 3551 1140 3617 scripsi:
1160 3567 1196 3604 un
1217 3567 1241 3612 α,
1261 3557 1376 3607 uestrae

223 3662 295 3716 sedis
319 3665 392 3724 Cain,
413 3661 574 3715 uenerabilis
598 3662 678 3715 Tbiel
741 3663 927 3732 luchiacum]
946 3659 1000 3718 nob
1021 3683 1038 3715 a
1109 3667 1174 3733 fort.
1196 3673 1376 3722 conuersatus

223 3751 296 3804 dest>
378 3750 562 3804 sollitudinem
582 3771 607 3813 α,
627 3767 695 3804 corr.
716 3749 743 3821 ρ2
816 3753 962 3806 communis
982 3770 1006 3816 α,
1027 3769 1094 3807 corr.
1117 3755 1181 3808 Car.
1262 3755 1336 3810 8art
1357 3777 1378 3808 α

221 3840 270 3893 sed
289 3857 304 3892 a
321 3841 353 3892 iu
370 3857 427 3892 aas.
482 3833 562 3908 9tp“r
581 3859 598 3890 α
615 3841 664 3893 sed
681 3857 713 3909 pr
730 3841 762 3893 iu
779 3857 835 3897 ras.
909 3841 970 3894 ideo
994 3842 1072 3895 Tbiei
1133 3845 1164 3898 13
1184 3843 1374 3900 sollicitudine

223 3945 279 3981 ras.
299 3945 331 3982 aa
350 3929 531 3982 sollicitudine
552 3948 569 3980 α
642 3933 675 3982 ll
695 3929 824 3998 uigilarer
843 3949 866 3993 a,
888 3932 1007 3984 correxi:
1026 3932 1140 4000 uigilare
1160 3951 1173 3984 o
1255 3933 1336 3988 nobis
1360 3952 1378 3984 o

223 4021 379 4070 ennarrator
399 4035 415 4067 α
470 4019 503 4070 16
521 4018 651 4071 habemus
668 4019 784 4088 scripsi:
803 4020 948 4073 habentem
970 4039 986 4070 α
1043 4023 1074 4074 11
1094 4021 1129 4073 irn
1151 4040 1168 4072 α
1220 4023 1253 4076 19
1272 4022 1374 4093 guber-

222 4106 317 4158 nacinc
338 4126 365 4168 a,
384 4122 453 4159 corr.
473 4107 530 4159 eod.
552 4107 672 4176 Angelis.
742 4109 777 4162 20
796 4109 869 4162 mitti
890 4127 914 4174 α,
935 4126 1003 4164 corr.
1028 4109 1218 4164 Telesinam
1238 4131 1251 4162 o
1325 4111 1376 4166 bic

426 4182 445 4209 to

225 4221 288 4276 Car.
372 4225 484 4290 cupetur
503 4239 527 4284 α,
548 4239 648 4276 corno
717 4225 748 4276 21
770 4225 926 4288 sarrctilatis
947 4243 970 4290 a,
991 4243 1093 4281 corae
1159 4228 1193 4280 22
1214 4243 1374 4297 quemamo-

221 4309 284 4363 dum
304 4328 321 4360 α
