3025 4975
217 429 281 492 760
382 424 550 495 Epiphanius
570 422 786 478 Constantiensis
805 422 837 477 de
856 423 910 476 XII
927 424 1041 494 gemmis
1059 424 1199 478 rationalis

216 625 249 685 et
271 620 403 684 ancillae
429 620 497 684 eins
523 619 659 701 Zelphae
684 623 923 701 consequenter,
943 620 1033 683 uelut
1051 639 1087 684 ex
1105 619 1216 683 eadem
1235 618 1361 684 domina

215 727 402 812 progenitis,
432 727 478 791 ita
506 726 746 790 dinumerantur
772 726 852 809 ipsi:
875 726 987 790 Ruben
1013 725 1141 791 Simeon
1164 725 1243 790 Leni
1264 725 1361 790 Iudas

215 835 344 898 lsaolrar
372 834 514 898 Zabulon
544 836 576 898 et
604 851 639 897 er
667 833 787 916 Zelpha
810 832 879 897 (lad
902 836 934 896 et
957 833 1052 910 Aser3
1077 831 1188 896 deinde
1211 831 1361 896 Rachelis

215 941 274 1004 filii
301 940 417 1022 loseph
446 943 478 1004 et
503 939 681 1016 Beniamin,
711 939 745 1003 hi
770 938 824 1022 qui
848 959 884 1002 ex
908 938 976 1004 eins
1001 939 1115 1003 aneilla
1139 941 1215 1003 sunt
1235 938 1305 1002 Dan
1330 943 1363 1002 et

216 1047 388 1129 Neptalim.
1391 1075 1402 1113 r

162 1157 204 1219 59
261 1152 381 1231 Quarta
401 1153 516 1218 diuisio
538 1157 587 1218 est
606 1153 847 1235 compositionis
866 1155 899 1217 et
916 1153 1049 1230 numeri,
1064 1151 1189 1234 qnando
1203 1151 1364 1216 benedixit

215 1260 309 1326 Iacob
346 1260 421 1324 filiis
460 1260 538 1339 suis,
577 1279 650 1324 oum
688 1267 880 1337 moreretur;
915 1261 1039 1342 oportet
1071 1259 1155 1322 enim
1187 1258 1363 1324 secundnm

217 1369 344 1448 tempus
374 1370 406 1430 et
433 1367 464 1430 in
494 1385 643 1432 numeros
669 1366 755 1448 ipsos
781 1367 956 1430 annectere.
979 1365 1033 1430 hie
1057 1383 1130 1448 ergo
1155 1383 1305 1429 numerus
1329 1371 1364 1428 et

216 1474 275 1538 hoo
295 1478 422 1556 tempus
441 1473 629 1555 insequitur,
650 1473 774 1555 quando
793 1473 888 1537 laoob
908 1471 1077 1548 benedixit,
1096 1470 1129 1534 id
1148 1474 1214 1536 est:
1237 1473 1362 1558 liuban,

217 1579 328 1644 deinde
353 1579 533 1646 Simeonem
558 1599 629 1644 enm
654 1580 733 1644 Leni
758 1583 790 1644 et
811 1579 922 1643 Iudam
947 1583 981 1642 et
1003 1579 1143 1644 Zabulon
1167 1583 1201 1644 et
1221 1580 1362 1658 Iseohar,
1382 1610 1406 1648 lo

216 1686 284 1750 Dan
310 1691 340 1750 et
366 1687 444 1766 (iad,
468 1688 548 1752 Aser
572 1691 605 1751 et
626 1687 800 1770 Neptalim,
824 1686 940 1768 loseph
964 1690 997 1750 et
1019 1686 1195 1750 Beniamin.

162 1798 205 1861 60
261 1792 340 1857 Dein
370 1794 517 1876 seqnitur
547 1793 658 1876 quinta
686 1793 803 1857 diuisio
832 1793 870 1858 de
897 1791 1015 1871 Exodo,
1040 1812 1113 1857 oum
1137 1793 1365 1876 egrederentur

216 1899 274 1963 filii
301 1899 400 1964 Israel
429 1920 464 1964 er
492 1901 648 1984 Aegypto.
678 1901 879 1964 enumerarit
906 1900 990 1963 enim
1017 1919 1072 1964 eos
1100 1918 1202 1964 sermo
1232 1898 1362 1964 diuinus

217 2006 344 2071 dicens:
387 2008 485 2071 haee
527 2010 622 2072 sunt
663 2007 826 2071 nomina
865 2006 1052 2070 filiorum
1098 2003 1244 2080 lsrael,
1292 2006 1362 2087 qui

216 2113 398 2196 ingressi
427 2115 587 2179 suntin
617 2114 846 2198 Aegyptum
876 2132 962 2177 oum
985 2113 1107 2178 Iacob
1131 2116 1247 2194 patre
1271 2132 1361 2187 sno;
1382 2144 1407 2183 1⁵

217 2222 510 2303 unusquisqne
544 2241 630 2286 ourn
664 2224 752 2285 tota
785 2222 898 2285 domo
932 2239 1005 2285 sua
1035 2221 1250 2304 ingressus
1279 2225 1361 2284 est:

215 2325 350 2390 RuBen
376 2327 535 2392 Simeon
560 2328 657 2392 Leni
681 2327 804 2391 ludas
828 2328 998 2391 lsaohar
1020 2327 1203 2392 Zabulon
1233 2324 1362 2411 (deinde

216 2431 391 2517 Baobelis:)
406 2434 615 2499 Beniamin
636 2433 763 2520 (deinde
777 2434 917 2515 Balleez)
935 2435 1018 2499 Dan
1038 2434 1296 2518 etNeptalim
1314 2431 1362 2518 (et

217 2539 382 2625 Zelplrae:)
400 2540 481 2604 Gad
501 2545 540 2605 et
555 2541 663 2605 Aser.
680 2542 829 2623 Ioseph
850 2543 983 2605 autem
1003 2544 1093 2605 erat
1110 2540 1360 2624 indegypto.

164 2656 203 2719 61
261 2646 341 2709 Dein
383 2650 458 2727 post
499 2651 586 2713 serta
629 2647 743 2712 diuisio
787 2651 837 2711 est
874 2647 997 2711 numeri
1032 2648 1120 2711 inrta
1155 2647 1362 2712 metationem
1381 2681 1407 2718 aa

217 2756 390 2817 oestrornrn
421 2751 558 2815 liliorum
588 2753 697 2832 Israel,
723 2754 808 2818 sient
831 2754 987 2836 seriptum
1010 2756 1060 2818 est
1083 2754 1114 2817 in
1138 2754 1219 2819 libro
1242 2753 1364 2819 Nume-

216 2878 321 2922 rorum
346 2878 381 2923 ex
405 2862 571 2942 praecepto
597 2860 733 2924 domini:
754 2861 785 2923 in
805 2860 907 2942 prima
925 2861 1098 2924 metatione
1117 2860 1213 2924 ludas
1232 2860 1364 2925 Isaelrar

217 2966 367 3043 Zabulon,
391 2966 422 3031 in
448 2968 585 3031 secunda
609 2968 720 3031 ltuben
746 2967 872 3032 Simeon
894 2967 974 3040 Gad,
998 2967 1031 3030 in
1053 2966 1149 3031 tertia
1167 2967 1304 3049 Ephrem
1329 2973 1363 3033 et

216 3073 364 3137 Mauasse
390 3077 422 3136 et
444 3074 620 3151 Beniamin,
645 3074 675 3138 in
702 3078 813 3156 quarta
837 3074 903 3137 Dan
929 3078 962 3137 et
984 3074 1065 3138 Aser
1087 3078 1119 3137 et
1141 3073 1313 3157 Neptalim.

163 3190 205 3251 62
260 3180 382 3243 Rursus
422 3182 557 3260 septima
589 3181 711 3244 numeri
744 3180 861 3245 dinisio
894 3183 944 3244 est
976 3200 1012 3243 ex
1044 3181 1113 3262 ipso
1145 3181 1361 3245 Numerornm
1379 3218 1407 3254 aa

215 3286 307 3361 libro,
333 3306 406 3349 eum
428 3287 516 3349 iuxta
539 3292 745 3368 praeseptum
770 3286 890 3350 domini
914 3286 1123 3363 declarantur,
1148 3285 1203 3368 qui
1225 3286 1360 3350 debeant

216 3412 284 3456 esse
316 3392 476 3474 principes
510 3392 549 3457 ad
583 3393 739 3457 offerenda
777 3412 908 3456 munere
945 3393 1082 3469 domino,
1120 3392 1276 3474 dixitque:
1315 3393 1359 3457 de

214 3500 353 3564 Ruben
378 3500 518 3563 Blisnr
537 3499 657 3563 filius
678 3498 841 3574 Sedinr,
862 3500 907 3563 de
926 3500 1111 3564 Simeone
1131 3498 1360 3564 Salamilrel

214 3604 1357 3681 filiussurisaddai,deludaNaasonfilinsAminadab.

215 3711 259 3775 de
293 3712 460 3776 lsaohar·
493 3712 751 3777 Nathanalrel
779 3712 903 3777 filins
933 3712 1074 3797 Sogar,
1104 3711 1149 3776 de
1179 3712 1357 3777 Zabulon
1377 3750 1406 3789 so

303 4004 371 4060 Zcf.
393 4006 487 4059 Genea.
507 4008 551 4069 46,
572 4006 659 4059 9-‘25
737 4008 752 4060 9
773 4006 806 4060 of.
829 4006 925 4061 Genea.
945 4009 988 4069 49,
1010 4008 1096 4062 1-27
1176 4010 1210 4061 14
1228 4006 1314 4064 Exod.
1335 4011 1357 4069 1.

216 4096 283 4149 1-5
338 4094 373 4147 22
393 4096 425 4148 cl.
445 4094 525 4147 Num.
546 4096 571 4159 2,
590 4096 676 4149 ‘2-31
733 4097 768 4150 27
787 4096 869 4150 Nnm.
890 4098 914 4160 1,
934 4098 1022 4150 5-15

249 4236 397 4305 dzolphan
422 4236 448 4289 V
499 4237 573 4290 4hii
597 4236 623 4289 V
671 4238 703 4290 15
725 4238 847 4307 egiptum
870 4238 896 4291 V
944 4238 978 4292 20
997 4241 1093 4308 postea
1111 4237 1195 4308 Foqy.
1245 4238 1281 4291 24
1300 4255 1357 4293 nra·

213 4324 341 4378 nesesV
393 4324 427 4379 29
446 4324 583 4378 surisaddai
607 4324 633 4377 V
