3025 4975
507 444 596 517 Epist.
615 447 674 503 CLI
695 449 707 502 1
729 480 762 489 —
783 447 884 504 CLllll
903 449 929 504 2.
1222 456 1284 520 601

142 656 238 721 parua
259 640 429 706 retributio
448 642 665 725 subsequitur,
690 662 765 708 cum
784 644 993 728 omnipotenti
1014 645 1071 710 deo
1091 664 1148 711 uos
1169 646 1287 731 gratias

143 746 323 826 persoluere
346 748 386 811 de
408 750 524 813 uestris
549 749 696 831 operibus
719 750 868 815 feceritis,

665 942 774 1027 (loa.)

184 1084 344 1129 ucnursna
370 1084 554 1130 rusurecro
582 1085 757 1131 Paterculo
787 1086 1072 1133 runssauorrcsrsr
1095 1089 1133 1135 rr
1159 1088 1287 1134 cnrnnrs

119 1190 339 1243 suaseramus
374 1194 397 1236 a
428 1192 513 1237 ram.
546 1174 637 1239 Licet
663 1194 719 1258 pro
748 1194 845 1239 causa
872 1176 1089 1241 ecclesiastica
1115 1194 1289 1259 numquam

145 1279 328 1344 sollicitudo
365 1283 474 1345 nostra
505 1281 688 1359 cessauerit,
720 1286 827 1346 tamen
859 1283 1060 1366 imperatoris
1093 1283 1289 1349 serenissimi

146 1386 239 1451 sacris
264 1386 414 1451 affatibus
437 1388 617 1470 promptius
639 1388 764 1453 incitati
787 1390 911 1473 legatos
935 1407 1007 1453 cum
1028 1390 1175 1455 caelestis
1194 1390 1288 1455 mise·

144 1493 295 1558 ricordiae
318 1494 427 1558 fauore
450 1494 631 1571 direximus,
656 1514 790 1577 quorum
815 1494 918 1560 cilicio
937 1496 1029 1573 bona,
1050 1515 1130 1578 quae
1150 1496 1187 1561 de
1205 1496 1290 1579 priu-

146 1600 222 1681 cipis
255 1603 364 1665 mente
395 1601 638 1682 praesumimus,
670 1602 871 1683 impleantur.
946 1604 978 1667 et
1009 1602 1080 1667 ideo
1113 1604 1332 1671 salutautcs2

110 1733 132 1771 ro
147 1706 386 1788 amplitudinem
422 1709 562 1772 uestram
600 1708 690 1772 cultu
725 1713 758 1772 et
793 1708 920 1787 honore,
959 1728 1021 1792 quo
1060 1709 1190 1794 dignum
1228 1712 1288 1787 est,

146 1812 317 1893 poscimus,
341 1816 378 1877 ut
408 1833 465 1897 pro
492 1814 759 1899 redintegratione
792 1814 864 1879 fidei
897 1820 1042 1881 uestrum
1081 1816 1288 1881 commodetis

147 1918 286 1983 studium
301 1919 470 1983 nectentis
484 1919 627 1985 fidelium
640 1920 757 1985 tardari
772 1923 847 1985 uota
864 1921 1063 2004 temporibus
1082 1922 1287 2003 permittatis,

147 2026 217 2106 quia
247 2044 311 2091 uon
340 2031 391 2090 est
422 2026 555 2091 dubium
588 2027 811 2092 celsitudinem
842 2032 982 2093 uestram
1016 2029 1154 2093 fructum
1182 2032 1289 2093 tautae

147 2133 247 2197 laudis
271 2132 444 2213 acquirere,
469 2133 496 2197 si
519 2152 576 2215 per
594 2152 674 2210 eam,
691 2152 772 2215 quae
792 2134 830 2198 ab
851 2135 998 2199 omuibus
1019 2134 1110 2201 bouis
1130 2138 1288 2217 optantur,

112 2264 134 2304 s
149 2239 194 2303 dei
217 2241 320 2305 nostri
343 2239 560 2304 misericordia
583 2244 732 2322 operante
754 2241 953 2323 proueniant.

662 2429 772 2516 (154.)

188 2576 348 2622 nourrsnn
371 2575 553 2622 rusrmumro
577 2577 725 2622 rurusrur.
772 2559 1003 2642 Magnitudiuis
1022 2563 1148 2624 uestrae
1167 2559 1290 2624 litteras

148 2668 272 2729 sanctae
295 2663 371 2728 fidei
393 2667 503 2746 plenas
528 2684 632 2729 amore
656 2665 869 2746 suscepimus,
893 2667 1009 2748 quibus
1029 2667 1069 2730 ad
1088 2665 1291 2730 exercendam

149 2774 228 2855 apud
251 2792 312 2837 uos
339 2771 583 2854 praedicationis
611 2773 805 2853 apostolicae
829 2773 1013 2838 firmitatem
1041 2773 1289 2855 oportunitatem

113 2899 135 2938 a
149 2880 235 2944 nobis
249 2878 437 2962 prouenisse
451 2877 608 2942 diuinitus
621 2878 804 2943 nuntiastis.
824 2879 906 2944 uude
921 2879 1150 2946 insufficienter
1163 2881 1290 2946 domiuo

148 2988 251 3050 nostro
272 2985 398 3069 agimus
417 2985 545 3068 gratias,
561 2984 616 3067 qui
634 2985 674 3049 ad
692 2987 759 3049 tam
776 2986 938 3068 praeclara
954 2986 1093 3052 remedia
1112 2989 1145 3051 et
1161 2989 1289 3070 tempus

148 3092 236 3156 uobis
262 3095 295 3156 et
317 3091 458 3155 animum
482 3091 579 3158 dedit.
644 3093 677 3155 et
698 3110 756 3155 uos
786 3091 913 3174 quidem
941 3093 1005 3157 ista
1033 3093 1169 3176 desuper
1195 3113 1289 3176 agno·
1313 3105 1333 3167 2

149 3199 265 3262 scimus
285 3197 431 3272 ordinari,
449 3201 618 3280 postquam
634 3199 663 3263 ei
678 3198 794 3263 detulit
812 3197 920 3264 diuina
938 3201 1090 3264 maiestas
1109 3199 1289 3282 imperium,

149 3304 198 3385 qui
221 3324 256 3370 se
281 3304 322 3369 ad
340 3303 589 3386 componendam
607 3306 815 3370 ecclesiarum
830 3325 939 3389 pacem
959 3307 1081 3372 indicat
1100 3307 1287 3371 ordinatum.

112 3429 134 3468 τε
149 3429 218 3495 ergo
242 3414 353 3488 restat,
376 3415 414 3475 ut
436 3411 578 3476 uniuersi
601 3411 743 3495 episcopi
767 3413 865 3496 partis
890 3412 1058 3478 Orientalis
1081 3414 1171 3476 iuxta
1187 3413 1290 3478 libelli

181 3645 260 3699 ldei
285 3645 437 3709 Kcorm

181 3733 249 3790 158.
308 3733 378 3788 Dar.
397 3738 571 3803 alep.148.
630 3735 706 3792 Edu.
729 3736 793 3790 Car.
812 3735 844 3790 1²
864 3738 937 3802 488ς
954 3735 1025 3790 Bar.
1045 3734 1084 3788 ad
1102 3751 1128 3789 α.
1152 3737 1214 3798 519,
1235 3738 1289 3802 30‚·

152 3821 255 3877 Collect.
278 3822 398 3890 Concil.;
415 3821 497 3876 Bra
517 3823 539 3876 I
556 3825 623 3878 420.
646 3825 726 3880 abiet
744 3829 812 3880 847.
850 3827 868 3879 4
886 3811 973 3879 uranu
991 3810 1075 3879 raam
1095 3809 1249 3878 suessanum
1268 3824 1292 3878 V

150 3899 244 3966 brafr
266 3913 292 3966 V
346 3913 378 3967 15
397 3912 599 3967 misericordiae
622 3913 653 3976 V,
672 3929 742 3968 corr,
763 3912 789 3983 p²

183 4001 245 4056 154.
301 3999 371 4056 Dat.
391 4001 485 4071 (amul
502 4017 563 4055 cum
582 4018 622 4070 ep.
642 4005 704 4071 151)
719 4020 745 4057 α,
765 4005 819 4055 519
836 4007 950 4055 murale
967 4001 1107 4055 Ianuario
1120 4001 1166 4056 uel
1178 4001 1289 4055 ineante

151 4085 314 4156 Febmcrio3
336 4089 483 4158 respondet
504 4089 638 4158 motulae
656 4090 814 4144 lastiniani
832 4089 989 4160 deperditae
1003 4095 1068 4158 post
1086 4089 1157 4144 diam
1178 4093 1196 4144 7
1213 4089 1287 4159 Sept.

153 4175 220 4230 arco
232 4179 319 4246 finem
338 4194 364 4231 a.
387 4180 441 4231 518
457 4178 583 4247 scriptae.
648 4179 722 4233 Edd.
746 4179 809 4235 Car.
824 4177 855 4232 1²
871 4182 941 4242 487;
961 4177 1031 4233 Bar.
1052 4177 1092 4232 ad
1109 4195 1135 4232 a.
1154 4180 1216 4243 519,
1234 4181 1289 4244 25,-

157 4262 256 4320 Collect.
277 4266 396 4334 eonem
412 4266 496 4320 BTA
513 4267 535 4320 I
553 4270 622 4334 417;
642 4267 721 4322 Tbiel
740 4271 808 4321 848.
873 4269 907 4321 20
926 4266 1113 4334 indeficienter
1131 4265 1167 4330 cd,
1186 4265 1287 4320 indesi-

154 4357 242 4407 nenter
257 4355 327 4410 Bar.
382 4356 418 4408 24
436 4355 540 4410 indicat
560 4355 625 4410 Car.
680 4357 721 4409 25·
734 4356 835 4410 libellis
860 4354 891 4420 V,
912 4371 981 4410 corr.
1002 4373 1015 4406 o
