3025 4975
440 446 529 515 Epist.
548 444 759 501 ccxxxxvnr
778 448 843 537 2.-
858 444 902 501 dc
921 448 946 500 3.
1204 452 1268 515 659

141 645 203 707 dom
232 641 366 725 propitia
397 641 517 706 domini
549 644 582 703 et
614 639 664 704 dei
692 640 791 705 nostri
820 640 971 707 maiestas
1001 641 1134 707 eundem
1162 643 1268 707 uirum

139 748 399 833 religiosissimum
427 748 599 813 Iohannem
627 746 779 829 pristinae
808 746 946 811 uoluerit
972 746 1101 811 reddere
1126 747 1267 827 sanitati,

139 856 211 920 sicut
238 856 334 919 semel
355 854 614 937 promiseramus,
640 852 749 917 statim
773 852 865 917 illurn
890 853 929 917 ad
952 856 1042 917 tuem
1067 854 1268 919 sanctitatem

138 962 377 1027 transmittimus.
416 964 571 1043 superest,
609 962 646 1024 ut
683 960 863 1025 sanctitudo
902 964 959 1024 tue
996 960 1139 1025 diuinum
1175 952 1312 1027 nobis3

115 1069 316 1151 rpraesidium
339 1069 535 1134 cretionibus
560 1067 628 1133 suis
652 1068 803 1152 dignetur
825 1067 996 1149 acquirere.
1060 1067 1144 1133 Data
1166 1068 1268 1151 pridie

139 1175 199 1241 Knl.
231 1175 390 1259 Septemb.
422 1175 708 1257 Constantinopoli.
737 1175 879 1259 Accepta
905 1174 1023 1239 Romae
1052 1174 1125 1239 Kal.
1155 1172 1267 1242 Octob.

139 1282 268 1348 Rusticio
291 1303 322 1351 u.
348 1302 375 1347 c.
401 1302 488 1347 cons.

409 1617 570 1661 Erremus
593 1616 765 1663 EPISTOLAE
789 1616 977 1662 IUSTINIANI.

106 1727 124 1765 ¹⁰
174 1741 281 1788 nonrrro
299 1741 485 1787 nnnrrssrno
504 1740 609 1795 arcus
628 1739 818 1787 nrosronroo
842 1740 937 1785 rnrsr
960 1740 1137 1787 normensis
1159 1741 1266 1787 eurus

137 1848 212 1893 neers
238 1848 339 1895 nonne
367 1847 581 1894 rrsrrnrrnrs.
650 1827 776 1907 Quanta
802 1829 979 1893 reuerentia
1007 1832 1145 1893 uestram
1169 1829 1266 1894 beati-

32 2007 33 2022 :
137 1935 263 2000 tudinem
300 1954 497 2010 ueneremur,
535 1934 646 1999 multis
685 1934 840 2017 epistolis,
879 1954 914 1999 ex
947 1953 1008 2016 quo
1043 1935 1266 2001 serenissimus

138 2040 290 2125 imperator
326 2042 412 2106 filius
450 2044 558 2106 uester
593 2040 750 2124 regnauit,
789 2042 993 2125 cognoscitis.
1036 2042 1068 2106 iu
1108 2044 1309 2134 praesenti2

137 2167 246 2231 qnoque
269 2148 375 2213 debito
399 2148 520 2229 pudore
540 2150 716 2213 salutantes
736 2152 824 2215 tuem
845 2150 1047 2214 sanctitatem
1064 2151 1265 2233 postulamus

103 2254 254 2327 seriniis,
284 2259 322 2319 ut
354 2254 493 2320 assiduis
526 2255 673 2338 precibus
707 2258 738 2319 et
768 2255 1037 2339 frequentissimis
1070 2256 1265 2321 orationibus

133 2378 180 2439 pro
209 2362 375 2427 eoncordia
407 2362 560 2426 laboretis
588 2363 795 2428 ecclesiarum
823 2363 1071 2428 uenerandarum
1099 2362 1264 2446 nobisque,

136 2466 208 2532 sicut
235 2489 288 2552 per
314 2470 440 2553 legatos
470 2468 565 2534 etiam
593 2471 719 2534 uestros
746 2472 822 2553 post
850 2470 954 2534 omnia
977 2470 1175 2553 scripsimus,
1200 2472 1266 2536 tam

136 2572 166 2637 de
194 2594 347 2651 sermone,
381 2595 443 2659 quo
477 2577 614 2641 uertitur
646 2577 872 2656 controuersia,
898 2596 992 2659 quam
1022 2576 1059 2642 de
1083 2577 1265 2642 nominibus

136 2681 339 2765 episcoporum
378 2682 438 2746 sub
476 2683 591 2748 Aoaoio
625 2683 847 2748 defunctorum
880 2703 936 2767 per
966 2685 1139 2768 Eulogium
1172 2704 1203 2749 u.
1238 2703 1264 2751 s.

103 2787 281 2854 ntribunum
315 2793 348 2854 et
379 2789 537 2855 notarium
565 2790 714 2873 dignetur
742 2792 941 2874 apostolatus
970 2793 1077 2856 uester
1103 2791 1264 2875 integrum

134 2894 397 2980 indubitatumque
422 2896 580 2961 destinare
602 2916 802 2980 responsum,
828 2898 974 2962 omnibus
998 2897 1159 2975 uidelicet,
1184 2916 1264 2980 quoe

134 3005 336 3081 praesentibus
359 3004 477 3089 legatis
500 3005 617 3069 uestris
640 3005 783 3068 ordinata
802 3007 887 3082 sunt,
906 3005 938 3068 iu
957 3009 1109 3088 perpetuo
1133 3004 1265 3070 firmiter

32 3096 33 3113 ¹
135 3106 287 3179 duraturis,
331 3111 382 3176 uir
417 3130 552 3192 namque
588 3111 760 3196 religiosus
797 3111 953 3177 Iohannes
991 3112 1170 3196 episcopus,
1209 3112 1264 3193 qui

134 3218 272 3282 uenturus
305 3222 355 3284 est
386 3218 531 3296 Romam,
565 3218 723 3282 detinetur
755 3218 954 3303 aegritudine
988 3220 1150 3301 corporali.
1183 3219 1308 3285 nihils

32 3312 33 3379 3
101 3320 205 3386 aerim
224 3325 372 3405 prohibet
395 3327 467 3388 ante
492 3325 561 3389 eius
586 3343 710 3408 quoque
734 3325 908 3390 aduentum
932 3326 1132 3390 concordiam
1150 3345 1262 3409 proue-

133 3427 188 3492 riro
209 3432 334 3496 sublata
356 3430 554 3496 dubitatione
573 3431 783 3516 re<li>gionis
801 3429 848 3518 (et
862 3451 933 3496 eum
951 3435 1056 3496 tamen
1070 3451 1142 3497 mor
1157 3432 1262 3496 dimit-

131 3532 217 3601 timus
246 3538 374 3603 fauente
408 3537 586 3616 diuinitate,
621 3539 694 3619 quia
726 3539 789 3602 iarn
822 3539 936 3603 melius
965 3538 1083 3619 habet),
1113 3538 1262 3619 quoniam

132 3657 180 3705 neo
209 3644 350 3709 difficilia
383 3647 469 3722 sunt,
508 3663 589 3727 quae
627 3645 809 3710 ceciderunt
844 3645 876 3708 in
915 3645 1168 3730 ambiguitatem,
1204 3663 1262 3710 uec

132 3749 242 3830 expedit
269 3751 391 3816 diutius
415 3770 545 3816 causam
568 3751 655 3816 uitee
678 3751 820 3834 protrahi
844 3751 1064 3832 sempiternae,
1090 3771 1128 3815 ne
1153 3751 1261 3816 diletis

159 3995 404 4050 dtransrnittemus
423 3993 450 4066 ρ’
503 3998 614 4050 dromo
637 3996 662 4048 V
733 3989 814 4051 octub
838 3995 865 4048 V

160 4097 221 4156 tbi).
256 4101 382 4156 Dataet
403 4104 707 4170 aceeptoutcp.199.
763 4101 837 4156 Edd.
862 4100 925 4155 Cor.
944 4100 973 4154 1²
995 4101 1156 4167 553;Bor.
1176 4101 1216 4156 ad
1234 4118 1260 4156 α.

133 4187 190 4256 tao,
208 4195 261 4258 4ος
281 4190 390 4246 Colleot.
414 4191 531 4253 Coocil.,·
560 4191 639 4245 Tbiet
661 4193 726 4244 939.
819 4191 852 4244 18
866 4189 929 4245 (de)
943 4206 995 4260 quo
1015 4189 1094 4253 Bar,
1113 4195 1146 4242 ot
1164 4189 1199 4256 of.
1220 4206 1259 4258 ep.

130 4275 181 4330 243
195 4277 251 4349 §2
286 4282 321 4336 25
340 4279 484 4334 eoncordia
505 4280 537 4345 V,
556 4297 624 4336 corr.
644 4279 671 4333 0²
712 4281 747 4334 26
766 4279 884 4349 regionis
908 4278 939 4344 V,
959 4294 1028 4334 corr.
1048 4277 1111 4332 Car.
1168 4277 1260 4332 dimit·

130 4363 206 4421 temus
225 4367 288 4424 Gar.
