3025 4975
187 413 267 475 ,732
386 408 529 462 Homrisda
547 407 700 478 Epiphanio
721 406 846 475 episcopo
866 405 1167 476 Constantinopolitano

204 605 292 668 iuxta
314 602 408 668 fidem
429 603 556 685 saepius
577 601 714 668 definitis
735 606 767 667 et
785 623 884 686 paene
903 621 1099 686 superuacua
1118 604 1169 666 est
1187 602 1348 684 allegatio,

205 729 285 794 quae
309 709 477 773 adhibetur
499 709 676 787 instructis,
701 728 775 773 cum
799 729 896 792 snper
917 710 976 773 hac
999 728 1032 773 re
1056 712 1088 772 et
1112 708 1151 772 ad
1170 709 1350 773 clementis-

153 817 322 882 13simum
347 817 520 900 principem
544 816 647 880 filium
670 821 815 882 nostrum
838 837 899 880 non
924 835 1025 897 pauca
1046 816 1293 897 perstrinxerim.
1318 821 1351 879 et

206 924 280 1007 qnia
317 923 355 986 de
392 923 754 1005 Hierosolymitanorum
791 923 988 1005 professione
1021 921 1254 1005 respondimus,
1288 922 1351 986 hoc

205 1050 331 1114 qnoque
356 1029 597 1094 aestimauimus
623 1030 735 1094 salutis
757 1049 866 1094 eorum
886 1048 982 1093 causa
1001 1031 1216 1110 competenter
1234 1027 1351 1091 adden·
1380 1051 1393 1090 s

205 1137 292 1212 duni,
314 1139 363 1198 -ut
401 1136 427 1199 si
466 1135 698 1200 communionis
736 1135 929 1218 apostolicae
967 1134 1149 1199 desiderant
1183 1133 1351 1209 unitatem,

205 1241 433 1324 professionem
458 1259 548 1304 snam
573 1241 690 1324 scripto
714 1241 859 1318 inditam,
879 1259 974 1322 quam
993 1241 1109 1324 legatis
1128 1242 1246 1305 nostris
1266 1240 1351 1322 apud

172 1381 175 1388 ’
207 1348 514 1430 Constantinopolim
551 1349 666 1430 positis
706 1349 900 1421 obtulerunt,
935 1351 991 1411 aut
1023 1366 1079 1429 per
1112 1366 1187 1412 suos
1221 1347 1260 1412 ad
1291 1367 1351 1410 nos

206 1455 344 1538 dirigant
372 1458 427 1519 aut
453 1455 642 1518 fraternitati
671 1457 796 1518 uestrae
825 1453 960 1529 tradant,
986 1455 1096 1518 eodem
1128 1459 1234 1517 tamen
1266 1453 1354 1516 sicut

206 1561 343 1626 diximus
367 1565 475 1625 tenore
499 1562 721 1644 conscriptam,
746 1580 827 1643 qnae
851 1560 891 1624 ad
914 1580 971 1625 nos
996 1561 1099 1624 modis
1123 1560 1271 1624 omnibus
1290 1560 1352 1622 sub
1372 1587 1396 1627 ro

206 1673 314 1732 uestra
355 1667 550 1732 ordinatione
593 1667 761 1732 deferatur.
804 1687 876 1731 nam
919 1667 957 1730 de
999 1667 1353 1742 Thessalonicensibus,

206 1795 341 1857 (puerum
361 1775 399 1838 ad
418 1793 474 1838 nos
493 1773 591 1856 legati
611 1775 669 1839 sub
691 1773 933 1838 clementissimi
952 1778 983 1837 et
1001 1773 1182 1837 fidelissimi
1200 1773 1353 1855 principis

206 1881 265 1945 filii
292 1880 394 1946 nostri
423 1881 617 1945 ordinatione
646 1885 811 1957 uenerunt,
840 1899 879 1944 ne
904 1880 980 1962 quid
1004 1880 1152 1945 omisisse
1176 1879 1355 1956 credamur,

206 2007 300 2052 nosse
324 2007 382 2052 uos
407 1987 757 2074 uolumussecundum
782 1987 853 2064 hoc,
879 1985 964 2069 qnod
988 1987 1114 2050 domino
1139 1990 1247 2050 nostro
1276 1987 1355 2050 lesu

207 2094 333 2160 Christo
349 2095 521 2177 inspirante
538 2095 702 2176 placuerit,
723 2111 852 2158 causam
873 2112 998 2157 omnem
1017 2096 1125 2157 nostra
1145 2093 1356 2174 dispositione
1375 2120 1400 2160 1⁵

156 2200 403 2266 lttractandam
424 2206 464 2280 11,
485 2202 513 2265 si
533 2201 617 2284 quod
637 2203 762 2282 oportet
780 2200 993 2282 impleueriot,
1014 2199 1227 2264 ordinandam.
1274 2200 1356 2264 haec

140 2295 143 2300 ¹
207 2329 264 2392 per
304 2309 432 2374 fratrem
474 2311 617 2372 nostrum
660 2309 692 2370 et
733 2307 957 2389 coepiscopum
995 2306 1209 2371 uenerabilem
1247 2307 1356 2370 uirum

207 2415 378 2479 Iohannem
409 2413 464 2477 sed
493 2417 525 2477 et
552 2413 635 2477 filios
663 2415 789 2476 nostros
818 2412 1043 2475 Heraclianum
1071 2412 1291 2495 presbyterum
1321 2413 1356 2475 et

210 2522 451 2587 Constantinum
480 2522 646 2585 diaconum
676 2519 894 2585 ecclesiastico
923 2518 1041 2583 honore
1074 2518 1281 2601 dignissimos
1315 2518 1356 2581 nd

209 2648 337 2693 causam
369 2627 560 2709 pertinentia
591 2626 793 2709 rescripsisse
827 2625 968 2689 contenti
998 2624 1148 2708 gratulati
1179 2644 1291 2688 sumus
1321 2626 1352 2687 in
1373 2654 1399 2694 so

209 2735 277 2799 uiro
307 2734 425 2799 ordinis
455 2734 555 2797 nostri
583 2753 638 2814 par
667 2733 815 2797 meritum
840 2735 873 2795 et
895 2732 1081 2814 religiosum
1105 2750 1167 2795 non
1190 2731 1355 2795 inuenisse

208 2842 409 2924 propositum
439 2844 470 2905 et
498 2860 570 2903 cum
597 2839 754 2922 legatione
783 2838 931 2903 mandata
959 2837 1114 2919 sapientia
1147 2840 1180 2899 et
1211 2838 1355 2901 moribus

210 2952 413 3032 congruente.
452 2948 564 3011 uotiua
596 2946 678 3010 enim
710 2966 761 3009 res
790 2949 823 3011 et
858 2946 952 3028 plena
989 2944 1098 3028 gaudii
1127 2945 1187 3019 est,
1217 2946 1253 3005 ut
1291 2945 1357 3008 sint

210 3057 294 3119 iusta
326 3054 545 3119 aestimatione
578 3052 768 3136 probabiles,
803 3071 882 3135 quos
916 3048 1146 3116 communionis
1187 3052 1219 3113 et
1257 3050 1356 3114 oflicii

210 3162 380 3247 contigerit
413 3180 482 3225 esse
517 3164 688 3225 consortes.
789 3160 873 3224 Data
906 3159 976 3223 VII.
1009 3158 1085 3226 Kal.
1119 3159 1195 3239 Apr.
1224 3156 1353 3221 t'alerio
1372 3190 1399 3230 25

210 3288 295 3333 cons.

246 3460 257 3511 1
281 3458 399 3512 definitis
419 3458 527 3527 saepius
546 3464 611 3526 trsp.
631 3458 713 3526 Hispo.
760 3460 777 3511 2
795 3458 846 3510 hnc
865 3474 893 3510 rc
913 3460 941 3509 et
964 3456 1001 3509 V:
1019 3456 1085 3509 haec
1104 3455 1186 3523 Hop.
1234 3456 1250 3509 3
1270 3454 1358 3507 filium

208 3554 328 3604 nostrum
348 3566 399 3603 om.
419 3547 501 3617 Hispa.
592 3564 678 3616 pauca
700 3547 736 3600 V:
755 3563 838 3616 parua
856 3546 937 3613 Hisp.
1027 3547 1044 3596 4
1062 3544 1358 3597 hierosolimitanorum

208 3640 393 3709 propositione
417 3638 442 3691 V
509 3638 523 3691 7
543 3636 657 3690 inditam
682 3636 719 3689 V:
738 3636 859 3688 indicant
877 3635 969 3702 Hisp,
987 3634 1061 3686 unde
1079 3634 1200 3687 indicent
1218 3637 1243 3686 et
1255 3638 1357 3701 postca

210 3730 323 3781 offerant
340 3727 352 3779 i
398 3727 428 3779 11
452 3726 506 3779 <etr
528 3724 560 3777 de
584 3724 663 3777 Tdiel
706 3724 739 3776 12
757 3739 796 3789 sq.
816 3722 865 3774 sub
882 3764 887 3775 .
905 3721 1096 3774 ‚ordinatione
1121 3720 1158 3772 V:
1175 3736 1224 3789 per
1238 3761 1244 3771 .
1260 3760 1267 3772 .
1283 3718 1357 3772 ordi-

209 3818 346 3870 nationem
365 3814 447 3881 Hisp.
485 3814 517 3867 16
537 3812 712 3866 ordinandam
731 3813 756 3864 i:
775 3810 924 3864 ordinsnda
941 3810 966 3863 V
986 3810 1071 3863 Gom.
1109 3806 1359 3877 201111111111111

209 3905 378 3974 rescripsisse
397 3903 494 3970 Hispa:
513 3902 652 3971 scripsisse
677 3900 703 3953 V
763 3901 797 3953 22
816 3900 962 3969 legationis
980 3898 1130 3952 mandato.
1146 3942 1151 3953 .
1167 3914 1320 3965 congruens
1336 3898 1356 3959 i,

209 3994 283 4047 narde
300 3991 447 4062 legationis
465 3991 599 4043 mandatis
616 4035 621 4045 .
638 4032 643 4045 .
660 4006 809 4058 congruens
828 3988 920 4054 Third·
939 3990 1131 4057 congruentem
1151 3987 1213 4056 11911
1224 3986 1359 4054 interpres

210 4085 244 4136 24
263 4084 337 4135 iuria
356 4080 571 4132 aestimationem
594 4078 672 4131 Tnnt
690 4094 750 4131 cum
769 4075 792 4129 i²
886 4075 1080 4129 communionis
1099 4080 1128 4128 et
1151 4074 1187 4128 V:
1207 4074 1357 4127 communi·

211 4172 268 4224 onis
287 4172 306 4233 ι’,
326 4168 472 4223 communis
494 4168 579 4223 Gens.
634 4168 668 4221 25
688 4166 753 4219 data
768 4209 774 4219 .
790 4209 797 4221 .
813 4182 883 4218 cous.
903 4180 954 4219 om.
973 4164 1057 4232 Hispo.
