3025 4975
215 428 281 491 632
636 422 782 477 Hormisda
799 422 951 477 Iustiniauo

215 636 405 703 praeponere
437 618 600 683 nitebatur
627 617 797 695 ecclesiae3
826 617 941 682 melius
970 617 1054 683 euim
1082 618 1113 681 in
1143 618 1211 683 solo
1243 617 1363 701 patriae

213 726 296 791 tanti
333 726 452 809 accipis
490 725 658 791 sacerdotii
701 725 899 810 dignitatern,
937 727 975 789 ut
1010 723 1186 809 Aegyptios
1227 724 1363 807 populos

215 831 330 897 doceas
354 850 449 913 quam
471 832 556 899 inter
578 830 674 915 Syros
697 850 799 897 nouos
824 835 856 897 et
878 831 1057 915 incognitos
1082 831 1225 897 homines
1249 832 1282 895 in
1302 831 1364 897 alia

168 937 301 1003 dorbis
333 940 422 1021 parte
455 938 642 1023 progenitus
670 956 773 1003 errare
800 938 951 1003 uidearis.
1003 938 1142 1003 Thomas
1175 956 1301 1021 quoquo
1332 940 1364 1001 et

213 1043 388 1111 Nicostrati
425 1045 560 1110 fratrum
596 1048 628 1109 et
660 1044 923 1127 coepiscoporum
960 1048 1141 1109 nostrorum
1179 1044 1362 1109 obseruatio
1391 1062 1403 1101 a

212 1152 310 1236 longa
322 1170 381 1215 nos
398 1150 567 1216 contristat
580 1154 613 1215 et
626 1150 787 1227 miramur,
804 1170 860 1215 cur
874 1149 958 1232 apud
974 1149 1166 1217 catholicum
1186 1150 1362 1233 principem

213 1262 318 1323 rectae
341 1256 416 1322 fidei
437 1257 580 1323 laborare
603 1256 776 1321 uideantur
798 1256 950 1340 episcopi.
975 1276 1108 1339 quorum
1134 1256 1289 1321 desideria
1307 1260 1364 1321 tua

213 1364 344 1429 debebit
380 1364 495 1429 caritas
533 1364 701 1429 subleuare
739 1362 871 1447 agendo,
910 1367 1066 1445 quatenus
1105 1366 1214 1447 optata
1253 1381 1363 1427 conse-

167 1472 188 1534 5
213 1471 379 1554 quentium
402 1490 526 1535 maeror
548 1472 691 1535 conuerti
709 1471 813 1554 possit
830 1471 862 1535 in
883 1470 1046 1555 gaudium.
1091 1470 1248 1535 Iohannes
1267 1468 1363 1535 Nico·

212 1578 373 1662 politanus
402 1578 571 1661 episcopus
595 1597 651 1661 per
672 1578 881 1642 ammonium
910 1576 1077 1642 diaconum
1101 1576 1192 1641 uobis
1221 1576 1362 1660 scripsit,
1381 1610 1406 1649 ιο

212 1685 297 1767 quod
329 1685 358 1750 ei
391 1684 489 1767 aliqui
526 1683 672 1749 maliuoli
708 1683 793 1767 apud
830 1682 1006 1767 principem
1038 1684 1180 1747 nitantur
1211 1702 1362 1767 generare

212 1792 420 1857 calumniam:
445 1810 539 1874 quam
563 1791 726 1856 dilectioni
749 1794 823 1855 tuae
847 1790 1107 1855 commendamus
1126 1790 1301 1867 hortantes,
1326 1792 1364 1853 ut

212 1898 363 1976 elabores,
392 1916 430 1961 ne
459 1896 526 1961 eius
555 1896 655 1978 quieti
682 1895 884 1961 inimicorum
911 1896 1016 1978 possit
1043 1914 1155 1961 nocere
1184 1896 1361 1979 subreptio.

166 2006 187 2068 6
211 2024 305 2088 quem
328 2003 533 2068 Ammonium
557 2003 724 2068 diaconum
750 2002 790 2067 ad
814 2022 870 2067 nos
899 2002 1081 2067 uenientem
1102 2002 1135 2067 in
1167 2002 1253 2067 sedis
1286 2022 1362 2085 apo-

211 2110 342 2176 stolieae
365 2109 527 2175 noluimus
551 2109 772 2174 communione
796 2108 957 2191 suscipere
976 2110 1110 2185 tamdiu,
1131 2108 1229 2175 donec
1248 2108 1360 2173 habito
1381 2141 1405 2181 a

210 2236 284 2281 curn
317 2216 428 2301 Sergio
461 2216 592 2281 diacono
621 2220 757 2280 tractatu
788 2215 864 2298 quid
894 2216 1029 2281 ordinari
1059 2216 1203 2280 debuerit
1230 2234 1361 2297 quaere·

209 2342 327 2399 remus,
347 2326 380 2388 et
398 2323 457 2388 boc
476 2323 662 2387 deliberatio
685 2326 794 2387 nostra
812 2342 907 2405 supra
926 2322 1010 2387 dicto
1032 2322 1162 2388 diacono
1182 2322 1359 2405 probabilis

209 2429 341 2508 inuenit,
364 2434 402 2494 ut
424 2448 480 2512 per
498 2429 717 2496 testimouium
736 2429 838 2494 libelli
859 2430 1071 2496 communioni
1092 2429 1266 2496 catholicae
1286 2429 1358 2494 iun·

209 2539 352 2620 geretur:
369 2555 431 2619 quo
450 2536 559 2600 libello
578 2535 777 2601 sollemniter
796 2537 902 2602 oblato
923 2539 1047 2602 nostrae
1068 2536 1249 2602 offerentem
1270 2553 1359 2601 conr·

166 2645 185 2709 7
210 2643 352 2708 munioni
364 2642 583 2726 significamus
599 2643 796 2710 adiunctum.
842 2643 1011 2708 Paulinum
1027 2643 1181 2708 ecclesiae
1196 2642 1360 2708 Romanae
1377 2675 1403 2713 so

210 2750 407 2815 defensorem
431 2749 687 2814 commendamus
712 2753 744 2813 ot
768 2749 940 2826 hortamur,
965 2753 1002 2814 ut
1024 2749 1105 2814 nihil
1127 2748 1359 2832 indispositum

209 2876 265 2940 pro
289 2857 492 2921 festinatione
516 2856 616 2920 uestri
637 2856 759 2921 reditus
784 2857 980 2939 relinquatis,
1005 2856 1079 2939 quia
1102 2855 1218 2920 melius
1241 2859 1360 2922 coaucta

209 2965 269 3028 sub
293 2963 472 3046 prolixitate
494 2964 647 3046 temporis
671 2982 744 3028 cum
770 2962 820 3028 dei
843 2964 944 3028 nostri
963 2964 1124 3028 iuuamine
1145 2963 1359 3044 disponuntur

208 3073 242 3134 et
264 3070 386 3153 gratius
410 3073 469 3147 est,
492 3070 572 3147 (εἰ)
597 3071 656 3138 sub
680 3089 769 3134 mora
793 3069 933 3134 omnium
957 3070 1165 3134 ecclesiarum
1194 3069 1359 3134 ordinetur

208 3180 313 3241 status
337 3195 432 3258 quarn
455 3195 527 3240 eum
550 3196 607 3258 per
623 3176 859 3241 festinationem
876 3176 997 3259 aliquid
1015 3177 1237 3259 imperfectum
1255 3194 1358 3240 rema·
1378 3207 1403 3246 aa

208 3285 291 3358 neat,
314 3281 398 3346 uude
417 3282 534 3346 iterium
557 3285 590 3346 et
611 3282 702 3348 labor
719 3283 811 3348 nobis
832 3287 999 3368 generetur
1018 3287 1050 3348 et
1068 3281 1185 3348 uostris
1206 3281 1358 3344 afferatur

207 3388 461 3454 ordinationibus
485 3389 667 3455 difficultas.
713 3391 796 3455 Data
820 3391 871 3454 die
894 3402 1005 3472 <quo>
1029 3409 1125 3473 supra
1148 3405 1236 3454 cons.
1260 3407 1305 3452 ss.

244 3579 395 3650 2accipies
417 3579 481 3633 Car.
555 3580 681 3650 egypoios
705 3579 732 3632 V
797 3581 940 3635 3honrine
964 3581 995 3645 V,
1016 3597 1119 3636 corno
1186 3577 1299 3634 durbia
1323 3581 1356 3645 V,

207 3684 276 3725 corr.
296 3665 323 3721 ο2
378 3668 526 3723 5fratrnm
548 3670 624 3723 Coa:
645 3673 673 3722 et
691 3669 804 3723 fratrum
828 3669 854 3723 V
910 3670 1047 3723 duremur
1070 3668 1101 3734 V,
1121 3685 1189 3724 corr.
1209 3667 1237 3720 ο1
1310 3687 1358 3723 cor

207 3756 278 3809 nemi
301 3755 333 3820 V,
352 3771 420 3811 corr.
441 3776 458 3809 α
497 3759 527 3811 11
547 3757 652 3828 aliquid
676 3759 702 3810 V
718 3759 763 3826 (cf.
779 3776 809 3827 p.
833 3763 900 3822 630,
919 3763 955 3824 5),
976 3775 1045 3814 corr.
1066 3755 1092 3810 ο2
1142 3759 1266 3812 nituntur
1287 3757 1356 3813 Gor.

210 3845 242 3898 15
261 3845 374 3898 noluisti
398 3845 428 3910 V,
448 3862 516 3900 eoru.
536 3865 554 3898 α
571 3864 646 3901 mou.
660 3854 734 3916 post.
754 3849 802 3916 (cf.
818 3865 847 3916 p.
871 3851 938 3903 630.
961 3851 988 3914 9)
1029 3850 1060 3902 li
1074 3847 1139 3901 <de>
1152 3847 1307 3918 supradicto
1329 3845 1358 3902 ο2

207 3931 242 3984 23
261 3932 428 4002 temporibus
452 3934 483 3995 V,
503 3951 571 3989 corr.
591 3934 618 3986 ο2
704 3936 739 3989 24
759 3937 782 3988 si
801 3935 908 3996 addidi,
929 3941 960 3989 ut
979 3955 993 4007 ρ
1075 3939 1108 3991 ‘25
1129 3937 1306 3990 festinacione
1323 3936 1355 4000 V,

206 4037 275 4075 corr,
295 4042 312 4074 α
365 4023 400 4074 27
420 4021 463 4076 die
476 4021 560 4092 <quo>
573 4041 655 4093 supra
668 4025 772 4093 ‚scripsi
791 4024 819 4092 (i.
840 4039 859 4078 c.
881 4027 899 4076 3
919 4025 986 4080 Dec.
1008 4043 1034 4079 a.
1058 4029 1135 4094 519):
1156 4022 1198 4080 dil
1220 4025 1243 4080 V
