3025 4975
215 465 278 528 708
440 459 609 530 Epiphanius
629 457 948 529 Constantinopolitanae
966 459 1127 513 Hormisdae

212 657 413 722 manifestius
448 655 661 740 cognoscetis,
696 654 963 736 quemadmodum
994 674 1051 738 per
1081 655 1132 718 dci
1165 656 1299 740 gratiam
1329 660 1362 720 et

211 763 470 828 fidelissimorum
493 762 673 845 principum
693 765 873 826 nostrorum
893 759 1263 845 Constantinopolitanae
1283 761 1361 826 ciui-

211 871 289 934 tatis
317 873 426 934 nostra
453 868 588 934 ecclesia
615 868 747 950 pacifice
772 871 822 931 est
845 867 1021 952 gubernata
1043 871 1076 932 et
1098 869 1227 932 nomina
1250 889 1361 933 eorum

211 978 295 1041 inter
332 995 421 1040 sacra
457 995 518 1039 nou
551 978 627 1038 sunt
657 974 790 1039 recitata
821 974 982 1056 mysteria,
1016 994 1097 1056 quae
1129 975 1199 1040 sedi
1230 979 1359 1040 uestrae

211 1084 342 1166 profane
370 1082 591 1166 cognocimus,
621 1082 677 1144 scd
702 1084 854 1163 quattuor
878 1081 1085 1146 conciliorum
1107 1100 1163 1164 pro
1186 1086 1275 1146 recta
1296 1083 1360 1147 tide
1390 1105 1404 1143 s

212 1190 418 1256 consonantia
451 1189 652 1273 praedicatur·
689 1191 721 1252 et
757 1188 817 1252 hoc
858 1188 966 1270 ipsum
1008 1189 1156 1254 omnibus
1198 1209 1361 1254 sacrorum

167 1292 433 1382 3diptychorum
469 1296 655 1360 recitatione
693 1294 899 1360 manifestum
936 1296 995 1359 est.
1033 1295 1220 1360 annuntient
1260 1296 1362 1379 igitur·

212 1403 316 1480 crebis,
345 1403 421 1484 quia
448 1423 508 1467 non
537 1402 627 1485 parui
655 1402 747 1466 nobis
777 1400 912 1466 subiecti
942 1401 1124 1466 sacerdotes
1157 1420 1215 1466 nec
1245 1421 1359 1468 rursus

212 1511 271 1574 sub
302 1529 411 1575 eorum
436 1509 632 1575 ordinatione
657 1509 882 1592 episcoporum
904 1527 1003 1589 parua
1027 1510 1077 1572 est
1100 1509 1228 1573 subdita
1251 1511 1360 1574 multi·

211 1617 300 1693 tudo,
326 1616 379 1698 qui
402 1617 520 1681 bonum
544 1617 640 1680 huius
660 1620 791 1697 coeptae
809 1614 961 1679 unitionis
981 1614 1232 1697 amplectuntur;
1252 1619 1362 1681 uestra
1381 1641 1408 1679 ιο

213 1723 309 1788 etiam
328 1723 482 1788 sanctitas
503 1729 677 1806 cognoscat
694 1721 790 1786 istius
810 1740 845 1786 se
865 1721 1021 1804 generalis
1040 1721 1116 1786 boni
1135 1727 1168 1786 et
1185 1723 1359 1806 principem

168 1828 245 1892 det
280 1829 476 1911 inceptorem
513 1827 720 1892 nihilominus
764 1828 985 1893 constitutum.
1028 1827 1112 1892 unde
1153 1828 1279 1893 fortiter
1319 1830 1360 1893 ad

211 1936 412 2018 uigilandum
435 1934 598 1999 beatitudo
623 1937 731 1999 uestra
753 1934 857 1998 laudis
882 1937 932 1998 est
955 1935 1095 1999 stimulis
1115 1936 1288 2010 excitanda,
1309 1957 1359 2016 ne,

211 2043 244 2106 id
264 2042 347 2125 qnod
363 2041 472 2106 diuina
485 2042 516 2105 in
531 2042 682 2106 honorem
698 2042 796 2106 uestri
812 2047 958 2123 coeperat
974 2042 1117 2106 ordinare
1131 2043 1359 2122 misericordia,

212 2167 273 2213 non
303 2149 342 2212 ad
370 2148 498 2231 plenum
526 2147 573 2213 ita
601 2150 638 2212 ut
666 2148 819 2213 condecet
848 2148 1025 2213 communis
1054 2150 1159 2213 unitas
1191 2151 1360 2232 prouenire
1382 2175 1407 2212 rs

168 2253 188 2315 5
212 2254 369 2320 uideatur.
394 2254 579 2338 diligentius
599 2258 705 2319 autem
727 2255 765 2320 de
784 2255 834 2319 his
853 2254 1033 2320 fidelissimi
1052 2259 1084 2319 ct
1102 2256 1239 2338 piissimi
1258 2259 1362 2322 nostri

212 2362 370 2444 principes
399 2361 437 2425 de
466 2365 645 2426 sanctarum
675 2361 726 2426 dei
755 2361 961 2426 ecclesiarum
991 2362 1112 2427 unitate
1137 2368 1170 2427 et
1192 2365 1361 2430 concordia

213 2468 387 2553 gaudentes
400 2468 439 2533 ad
454 2451 594 2537 uestram
608 2469 839 2533 mandaucruut
851 2468 1093 2546 beatitudinem,
1109 2470 1362 2553 supplicationes

213 2597 230 2640 a
258 2575 404 2659 plurimis
433 2576 552 2640 sanctis
577 2576 794 2641 sacerdotibus
819 2575 1032 2658 suscipientes
1055 2580 1122 2641 tam
1144 2578 1239 2643 Ponti
1264 2598 1363 2661 quam

211 2682 307 2747 Asiae
339 2681 520 2765 prouinciae
559 2686 590 2747 et
628 2683 763 2748 maxime
801 2681 950 2760 Orientis,
991 2683 1076 2765 apud
1113 2704 1193 2766 quos
1230 2686 1361 2751 nomina
1381 2710 1409 2749 ao

213 2788 370 2872 quondam
400 2789 602 2853 secerdotum
629 2808 760 2855 suorum
792 2793 897 2854 tacere
931 2789 1062 2854 difficile
1094 2794 1127 2855 et
1157 2792 1362 2873 impossibile

213 2915 283 2960 esse
303 2896 431 2959 uidetur
449 2897 599 2978 tantaque
618 2916 727 2961 eorum
748 2896 921 2961 obstinatio
942 2900 1001 2974 ost,
1020 2900 1059 2962 ut
1073 2916 1165 2962 omne
1180 2898 1362 2980 periculum

168 3001 187 3064 6
212 3023 269 3085 pro
292 3003 350 3067 tali
373 3002 456 3066 facto
480 3004 582 3086 parati
609 3004 673 3069 sint
696 3005 863 3069 sustinere.
887 3005 987 3088 igitur
1005 3005 1230 3088 praecedentes
1249 3026 1363 3073 omncs

212 3109 295 3174 circa
322 3108 408 3191 pacis
438 3108 581 3175 studium
609 3112 823 3176 necessarium
856 3128 969 3176 causas
1003 3110 1249 3187 considerantes,
1284 3114 1364 3195 quia

212 3236 267 3298 per
312 3217 412 3282 solam
457 3216 552 3281 istam
598 3217 791 3281 humilitatis
837 3217 924 3281 uiam
965 3238 1165 3283 communem
1208 3219 1362 3285 omnibus
1382 3244 1410 3283 as

211 3324 386 3389 cinitonem
416 3329 448 3388 et
477 3324 614 3390 salutem
641 3324 835 3403 inuenimus‚
860 3326 1103 3410 interrogantes,
1127 3328 1212 3391 sicut
1234 3327 1365 3392 dictum

212 3434 271 3507 cst,
296 3434 328 3495 et
351 3430 585 3497 satisfacientes
605 3432 698 3497 uobis
718 3433 756 3497 ab
776 3432 854 3507 illis,
874 3433 929 3514 qui
948 3452 966 3497 a
985 3434 1077 3498 nobis
1095 3433 1128 3498 in
1147 3434 1208 3498 hoc
1227 3434 1363 3517 negotio

212 3543 288 3602 sunt
311 3537 469 3616 destinati,
495 3556 623 3604 causam
649 3558 723 3603 cum
746 3539 888 3623 pacifica,
913 3560 976 3622 qua
998 3559 1057 3604 uos
1082 3539 1183 3615 decet,
1203 3540 1364 3623 guberna·

211 3646 295 3711 tione
325 3643 526 3727 dispensetis.
556 3664 628 3709 nam
658 3646 733 3710 dum
762 3665 825 3710 uua
852 3650 986 3729 utraque
1011 3648 1054 3711 sit
1077 3647 1220 3723 ecclesia,
1244 3650 1365 3729 procul

212 3752 307 3817 dubio
328 3752 464 3827 ethera,
481 3772 560 3833 quae
578 3772 634 3834 per
652 3752 852 3837 uigilantiam
871 3754 1030 3827 eueniunt,
1051 3752 1227 3817 communis
1247 3754 1365 3820 exinde
1384 3782 1412 3821 so

248 3926 260 3978 l
283 3924 479 3995 queadmcdum
503 3926 528 3978 V
589 3929 697 3981 51·cctc
717 3930 797 3993 (corr.
816 3944 849 3982 ex
867 3932 939 3982 secte
958 3934 990 3981 act
1006 3929 1127 3996 uidetur)
1146 3928 1210 3982 fidei
1233 3928 1265 3992 V,
1285 3944 1363 3985 corr.

210 4014 281 4066 Bar.
364 4014 619 4083 idipticiorumV
698 4016 811 4085 dperui
835 4017 869 4069 V:
890 4018 969 4087 pauci
986 4018 1056 4070 Bor.
1143 4018 1177 4072 10
1195 4033 1265 4087 quae
1284 4018 1364 4073 Bar.

211 4102 412 4170 amplectuntur
429 4104 548 4157 restitui:
569 4105 741 4173 aurplectitur
758 4122 862 4159 rasura
880 4122 913 4159 cc
930 4106 1133 4175 amplectuntur
1148 4112 1181 4159 ut
1198 4106 1314 4161 ardenar
1338 4108 1370 4163 V

213 4190 390 4245 letantibus
415 4192 445 4255 V,
465 4193 711 4247 correairlaudum
733 4194 796 4248 Gar.
880 4198 913 4247 14
932 4195 1088 4265 ceperatV
1162 4196 1194 4248 15
1212 4198 1365 4265 peruenire

212 4279 275 4335 Car.
349 4282 381 4334 17
400 4281 527 4351 principis
552 4280 582 4347 V,
602 4298 669 4335 corr.
689 4283 759 4336 Bar.
832 4284 868 4337 24
887 4300 967 4355 cause
990 4283 1021 4346 V,
1041 4300 1111 4338 corr.
1133 4284 1196 4339 Gar.
1271 4286 1308 4340 29
1331 4289 1368 4342 fia

205 4384 351 4437 perperam
373 4369 451 4423 lutei
