3025 4975
581 469 667 540 Epist.
687 468 774 525 CXIV
794 470 872 524 1-8.
1237 476 1303 539 509

154 685 294 730 omnem
320 666 595 745 excellentiam,
612 666 643 731 in
660 686 770 731 eorum
785 668 932 732 sensibus
947 667 1131 745 abundaret,
1152 668 1300 750 quodque

151 771 180 835 iu
204 773 371 856 otrangelio
396 772 514 837 domini
543 773 585 837 sit
604 793 663 839 uox
683 774 746 839 ista
767 773 918 839 dicentis:
944 774 1120 857 quoniam
1143 774 1302 858 pacifici

151 879 224 943 filii
241 880 300 943 dei
316 880 565 945 uocabantur.
581 883 613 945 et
627 881 743 945 iterum
754 880 910 965 adipsum
922 882 1149 965 scripturarum
1160 882 1302 946 omnium
1326 877 1348 940 4

150 984 336 1051 reuertendo
370 986 541 1065 doctorem,
571 990 687 1068 quanto
720 987 791 1071 ipsa
818 988 871 1051 uel
899 987 972 1063 fide,
1001 1006 1064 1069 qua
1092 992 1125 1053 et
1152 987 1303 1053 caelestia

125 1110 243 1174 sregna
261 1092 496 1175 praesumimus
521 1096 553 1157 et
576 1111 594 1156 a
616 1096 819 1177 peccatorum
843 1094 1037 1159 cruciatibus
1062 1094 1217 1159 credendo
1241 1096 1302 1159 sal·

151 1216 270 1275 ararium,
296 1198 410 1263 caritas
435 1200 478 1263 sit
501 1200 610 1276 maior,
635 1199 777 1265 ostendit
799 1200 1019 1265 testimonium
1039 1201 1102 1265 tale
1122 1200 1301 1266 subiciens:

151 1323 234 1385 spes
259 1304 359 1369 fides
384 1306 535 1384 caritas,
556 1307 675 1371 maior
698 1311 823 1371 autem
847 1307 1013 1372 omnium
1037 1307 1190 1373 caritas.
1214 1306 1300 1371 idem

151 1412 281 1494 spiritus
310 1414 411 1497 gratia
439 1413 576 1478 donante
604 1412 713 1477 (diuina
750 1414 915 1479 caritatem
943 1413 1117 1477 uirtutibus
1151 1413 1300 1477 omnibus

151 1522 354 1585 euacuatnon
365 1519 526 1585 habentes.
574 1539 648 1604 orgo
661 1520 688 1584 si
704 1522 736 1583 et
749 1523 878 1602 propter
891 1538 1026 1602 poenam
1042 1520 1190 1584 scandala
1205 1520 1301 1585 decli·
1326 1512 1347 1573 5

113 1644 134 1684 o
149 1642 259 1688 namus
272 1627 304 1688 et
313 1644 424 1707 pacem
435 1628 562 1708 propter
576 1625 664 1707 pacis
680 1624 761 1689 bona
777 1630 937 1689 sectamur
949 1628 981 1689 et
996 1624 1035 1689 ad
1051 1625 1216 1689 caritatem
1231 1643 1300 1701 nos,

151 1731 202 1813 qui
226 1734 277 1795 est
301 1732 426 1809 caritas,
447 1731 595 1797 Christus
619 1732 780 1797 hortatur:
805 1731 881 1815 quid
901 1735 951 1796 est
967 1731 1061 1807 enim,
1083 1730 1166 1813 quod
1185 1732 1303 1797 retinet

152 1838 307 1903 catholico
333 1837 443 1903 ardore
472 1838 628 1903 festinos?
662 1838 823 1922 quidest,
849 1838 930 1920 quod
957 1837 1169 1920 delinquentis
1192 1838 1301 1902 Aeacii

150 1944 284 2026 impedit
306 1946 452 2013 uolentes
477 1944 639 2011 Christum
663 1946 773 2011 uidere
800 1950 958 2029 persona?
991 1945 1151 2027 quidest,
1176 1944 1302 2027 quoda

152 2070 206 2115 suo
241 2051 333 2117 liberi
366 2053 468 2117 alieno
501 2059 674 2137 grauantur
704 2056 830 2117 eruore?
899 2053 977 2117 haec
1005 2072 1078 2117 curu
1112 2045 1347 2119 uenerabilis6

116 2177 247 2241 upupae
280 2158 379 2223 latius
412 2160 531 2224 fuerint
564 2160 709 2243 expedita
741 2160 915 2242 rescriptis,
948 2178 1004 2242 pro
1036 2161 1163 2224 nostrae
1194 2162 1300 2223 tamen

152 2265 302 2347 obsequio
328 2265 522 2331 credidimus
547 2266 726 2333 deuotionis
749 2266 954 2341 indendam
977 2285 1039 2330 non
1061 2284 1192 2351 rogasse
1210 2268 1301 2348 puta·

151 2390 253 2436 remur
284 2372 482 2437 recondendo
515 2392 714 2456 responsum,
748 2373 833 2456 quod
870 2373 1051 2455 accepimus
1084 2372 1300 2453 deprecantes.

151 2480 288 2560 proinde,
317 2479 462 2564 piissime
489 2480 672 2564 imperator,
697 2480 776 2546 baec
800 2500 858 2546 suo
881 2480 1006 2544 nomine
1031 2473 1162 2546 senatus
1185 2479 1300 2545 sereni·
1326 2479 1344 2543 7

153 2589 225 2652 tatis
264 2593 338 2652 tuae
376 2588 545 2653 clementia
578 2591 773 2671 prouocatus
813 2588 965 2665 adiunxit,
998 2593 1036 2652 ut
1066 2587 1171 2652 animo
1205 2605 1300 2669 qnam

116 2708 137 2744 o
154 2693 285 2778 benigno
314 2694 345 2758 in
374 2699 508 2776 utraque
536 2713 569 2758 re
597 2695 726 2776 publica
754 2693 972 2758 concordanda
998 2693 1100 2771 fuisti,
1132 2698 1198 2758 tum
1229 2712 1300 2757 esse

153 2799 202 2880 pio
230 2803 261 2865 in
292 2801 446 2866 ecclesiae
475 2799 718 2885 redintegranda
745 2802 866 2865 unitate
894 2801 1045 2865 noscaris.
1082 2819 1155 2864 nam
1181 2804 1219 2864 ut
1240 2818 1300 2882 pax

154 2905 205 2970 illa
226 2926 396 2991 regnorum
420 2912 546 2972 tantum
571 2909 671 2972 scitur
693 2907 844 2991 prodesse
869 2907 1033 2985 subiectis,
1058 2908 1105 2972 sic
1127 2907 1207 2971 haec
1228 2905 1298 2970 reii-

155 3013 251 3096 giouis
281 3033 355 3078 cum
382 3015 501 3096 populo
530 3033 588 3079 suo
617 3013 743 3096 proficit
770 3015 948 3096 imperanti.
986 3014 1104 3078 etenim
1138 3014 1209 3097 quis
1237 3034 1298 3080 uon
1323 3015 1344 3078 8

153 3118 316 3186 haeresum
352 3121 541 3202 perfidarum
580 3139 731 3204 sequaces
769 3121 843 3204 plus
876 3140 972 3203 quam
1003 3121 1091 3204 ipsos
1124 3119 1299 3201 deliquisse

117 3231 239 3306 ²⁵putet
274 3230 443 3292 auctores?
482 3229 553 3310 quis
586 3247 647 3293 non
675 3230 749 3311 post
776 3228 959 3310 patibulum
987 3227 1090 3292 crucis
1118 3226 1298 3292 diuidentes

152 3335 263 3399 iterum
293 3335 412 3400 Christi
440 3335 582 3399 membra
612 3335 823 3400 condemnet?
856 3335 978 3399 utinam
1006 3334 1085 3398 haec
1113 3333 1177 3398 iam
1205 3334 1298 3398 nobis

152 3442 354 3525 regnantibus
393 3461 488 3506 causa
522 3441 689 3524 coepisset,
713 3445 751 3505 ut
782 3441 909 3506 facilius
941 3442 1025 3505 mala
1055 3441 1300 3523 reprimerentur

152 3549 312 3613 nascentia
345 3568 438 3630 quam
472 3551 639 3631 prouecta!
680 3568 751 3612 nam
781 3543 854 3630 quis
887 3549 1029 3633 ambigat
1060 3566 1121 3612 non
1153 3547 1299 3628 potuisse

154 3655 216 3720 eius
240 3656 384 3734 existere,
410 3655 502 3720 cuius
528 3656 642 3740 corrigi
665 3656 864 3738 temporibus
888 3655 1012 3720 uideret
1035 3657 1194 3720 errorem?

235 3883 251 3936 2
270 3881 370 3937 bratrh.
389 3884 415 3944 5,
434 3883 451 3936 9
507 3882 521 3934 'i
542 3878 636 3935 Cor.1
656 3881 697 3943 13,
720 3881 752 3934 13
809 3881 824 3932 8
844 3879 876 3934 cf.
898 3878 957 3933 Cor.
976 3879 991 3933 1
1011 3881 1052 3942 13,
1073 3881 1141 3934 1-3

187 4023 355 4078 labandare
378 4024 410 4086 V,
430 4039 497 4078 com.
518 4020 545 4093 pi
617 4021 743 4091 quodque
762 4020 847 4076 Bau:
866 4020 1077 4090 quamquamV
1146 4019 1240 4090 dipsa
1264 4021 1297 4086 V,

155 4125 216 4164 corr.
237 4113 264 4164 αι
339 4113 369 4165 11
390 4111 529 4164 hortamur
552 4110 583 4174 V,
604 4127 672 4166 corr.
692 4111 749 4165 cod.
770 4110 892 4178 Ampelio.
953 4111 985 4163 12
1010 4109 1194 4179 delinquentis
1212 4109 1296 4163 Bon:

156 4197 411 4270 delinquentiumV
448 4200 480 4254 13
498 4199 633 4270 impendit
657 4200 687 4263 V,
707 4215 775 4253 corr.
796 4197 823 4268 p²
877 4214 992 4268 persons
1010 4208 1171 4266 superioria
1184 4213 1253 4253 corr.
1273 4198 1300 4248 V

158 4289 187 4342 14
205 4305 261 4344 cun
279 4291 320 4342 0²:
341 4305 420 4358 quam
440 4288 470 4350 V,
490 4305 652 4358 quamquam
672 4286 699 4357 p²
750 4288 782 4343 17
801 4287 972 4340 recondendo
990 4286 1074 4340 Bau:
1093 4285 1244 4339 recedendo
1263 4285 1296 4344 V,

157 4378 284 4432 reticendo
305 4377 332 4450 ρ2
377 4379 409 4432 21
429 4377 655 4448 redintegrandae
679 4375 709 4442 V,
729 4392 797 4430 corr.
818 4375 875 4430 cod.
895 4375 1017 4444 Ampelio.
1064 4375 1099 4428 22
1118 4375 1157 4428 sic
1175 4373 1213 4427 0²:
1230 4373 1253 4426 si
1272 4373 1300 4428 V
