3025 4975
585 424 705 479 Iudex
731 424 941 479 initiorum
1272 426 1334 489 971

190 618 258 675 Cum
275 619 304 672 iu
323 620 412 673 animo
431 619 510 674 uobis
529 620 566 673 sit
584 622 663 689 pater
700 660 1206 677 ...............
1223 634 1264 689 ep.
1287 619 1337 672 193

190 706 258 763 Cum
275 724 386 762 necesse
404 706 488 761 fuerit
506 708 609 778 scripta
628 748 1206 764 .................
1217 724 1265 778 ep.
1286 707 1337 760 177

190 794 258 849 Cum
276 796 345 849 nibil
363 796 451 863 possit
469 812 528 850 esse
546 795 687 849 iocundius
705 795 750 849 uel
769 794 938 851 abundantia
952 840 1208 853 ........
1225 812 1266 865 ep.
1306 795 1339 849 10

191 882 263 938 Cum·
277 901 326 937 nos
346 885 547 939 ecclesiasticae
565 885 754 954 prosperitatis
774 926 1208 943 .............
1225 901 1267 954 ep.
1286 884 1339 938 226

191 970 259 1027 Cum
278 973 320 1025 uir
338 972 500 1027 clarissimus
519 974 673 1043 Apthonius
692 974 801 1027 decurio
848 1016 1210 1031 ...........
1227 990 1267 1043 ep.
1307 972 1340 1026 19

193 1060 325 1131 Cuperem
344 1062 453 1131 quidem
473 1067 602 1132 quantum
622 1061 657 1116 ad
673 1078 750 1116 meae
773 1103 1209 1119 .............
1225 1078 1267 1132 ep.
1305 1061 1340 1115 56

192 1149 263 1206 Cura
281 1150 348 1203 mihi
367 1151 459 1205 extitit
476 1166 583 1222 semper
628 1192 1207 1209 .................
1224 1166 1267 1220 cp.
1288 1150 1339 1204 117

191 1329 233 1383 De
251 1329 295 1383 his
314 1346 383 1398 quae
401 1333 463 1384 acta
481 1330 603 1384 caritatis
631 1369 1209 1386 .................
1227 1344 1267 1397 ep.
1290 1328 1341 1381 176

192 1417 234 1471 De
253 1417 354 1471 laboris
373 1420 415 1471 tui
434 1435 513 1488 quem
533 1435 592 1472 cum
612 1416 657 1471 dei
703 1460 1210 1474 ...............
1227 1432 1268 1486 ep.
1290 1416 1340 1469 173

193 1505 234 1558 De
253 1505 355 1559 laboris
373 1507 416 1560 tui
437 1506 546 1575 quidem
565 1522 646 1575 quem
665 1505 709 1559 dei
737 1548 1210 1563 ..............
1226 1521 1267 1575 ep.
1290 1504 1341 1557 175

192 1593 235 1647 De
252 1593 350 1647 merito
370 1592 517 1648 sacerdotis
536 1610 616 1663 quem
635 1594 692 1647 suia
712 1593 778 1646 dena
812 1634 1211 1649 ............
1227 1608 1269 1661 ep.
1307 1590 1341 1645 36

193 1681 235 1735 De
252 1681 409 1751 Pelagianis
428 1682 537 1751 quidem
555 1681 679 1735 sensibus
697 1680 928 1751 blasphemiisque
956 1720 1212 1737 ........
1228 1696 1270 1748 ep.
1307 1679 1341 1732 97

193 1770 281 1824 Decet
299 1774 328 1824 et
347 1770 456 1840 expedit
474 1770 509 1824 ad
528 1769 627 1840 capitis
645 1786 780 1825 recurrere
813 1811 1212 1826 ............
1228 1784 1269 1838 ep.
1289 1768 1342 1821 230

194 1859 248 1912 Dei
265 1858 399 1913 beneficia
416 1860 482 1934 licet
499 1860 595 1914 multis
612 1860 728 1913 maxime
746 1862 839 1914 tamen
885 1898 1213 1915 ..........
1229 1874 1271 1927 ep.
1292 1858 1340 1910 141

194 1946 377 2017 Depreoamur
394 1946 631 2003 mansuetudinem
649 1951 769 2002 uestram
788 1948 905 2018 piissimi
921 1948 1099 2018 imperatores
1136 1990 1142 2002 .
1172 1989 1178 2004 .
1208 1962 1271 2015 .ep.
1326 1945 1343 1997 2

194 2033 382 2089 Desiderabile
400 2038 507 2106 tempus
526 2034 598 2104 quod
617 2036 728 2089 summis
742 2076 1214 2093 ..............
1230 2050 1271 2105 ep.
1292 2034 1342 2087 147

194 2122 422 2179 Desiderantibus
440 2123 518 2179 nobis
538 2124 767 2194 contemplatione
786 2124 969 2178 uenerationis
992 2164 1213 2181 .......
1230 2138 1270 2193 ep.
1327 2124 1343 2176 3

195 2210 270 2265 Deus
289 2213 334 2281 qui
353 2213 382 2267 in
401 2213 457 2267 alto
476 2212 585 2267 habitat
599 2253 1213 2271 ..................
1230 2226 1270 2281 ep.
1293 2210 1343 2265 195

195 2299 357 2355 Dilectionis
376 2306 439 2354 tuae
458 2301 558 2355 litteris
578 2304 606 2355 et
623 2300 738 2355 fratrum
758 2300 1032 2370 coepiscoporumque
1065 2342 1215 2357 .....
1231 2316 1271 2369 ep.
1309 2301 1344 2352 52

195 2388 351 2459 Diligenter
369 2390 538 2459 apostolatus
556 2394 647 2445 uester
665 2388 806 2459 cognoscit
852 2428 1215 2446 ............
1232 2404 1272 2458 ep.
1291 2386 1344 2442 243

195 2478 370 2548 Direptiones
390 2478 486 2534 caedes
503 2478 630 2534 incendia
648 2495 726 2532 omne
745 2476 850 2532 lacinus
888 2521 1214 2536 ..........
1231 2493 1273 2548 ep.
1308 2476 1344 2530 43

196 2567 381 2622 Dissensionia
400 2574 509 2622 auctore
528 2568 635 2624 sublato
654 2567 741 2620 omnis
760 2583 841 2621 causa
860 2565 1011 2621 discordiae
1030 2607 1214 2623 ......
1231 2583 1272 2635 ep.
1327 2567 1344 2620 6

197 2655 252 2709 Diu
270 2672 320 2710 uos
337 2659 466 2712 nuntiata
482 2660 546 2710 tuae
565 2655 712 2726 primordia
743 2697 1214 2713 ..............
1231 2671 1274 2724 ep.
1292 2655 1345 2709 205

197 2744 292 2798 Diuini
312 2745 430 2800 innueris
449 2745 569 2800 illuxisse
588 2744 667 2800 nobis
686 2745 803 2814 gratiam
818 2787 1217 2803 ............
1233 2759 1274 2814 ep.
1295 2745 1346 2798 165

198 2834 314 2888 Domino
334 2838 426 2888 nostro
444 2834 506 2888 Iesu
527 2833 635 2888 Christo
672 2875 1217 2891 ................
1232 2849 1274 2903 ep.
1295 2833 1345 2887 196

200 2920 310 2976 Dudum
328 2923 428 2993 legatis
446 2921 663 2977 mensuetudinis
682 2927 789 2978 uestrae
816 2965 1216 2980 ............
1233 2937 1274 2993 ep.
1295 2922 1345 2976 126

200 3009 271 3064 Dum
290 3011 478 3066 beatissimum
495 3009 657 3066 Germanum
677 3013 833 3082 episcopum
854 3051 1217 3070 ...........
1233 3027 1275 3081 ep.
1296 3011 1346 3064 199

201 3097 271 3152 Dum
289 3100 432 3170 religionis
450 3101 536 3154 statui
555 3103 584 3154 01
602 3101 689 3170 plenis
710 3142 1217 3158 ...............
1233 3115 1274 3169 cp.
1296 3098 1346 3152 136

201 3186 273 3242 Duru
291 3189 442 3259 sapientias
462 3195 569 3242 uestrae
588 3189 795 3243 clementissime
814 3190 961 3259 imperator
996 3230 1216 3245 .......
1233 3205 1273 3258 ep.
1294 3187 1345 3241 127

201 3365 338 3419 Eauobie
358 3366 885 3436 001110010111010101100100111000
926 3410 1218 3425 .........
1233 3383 1275 3437 ep.
1331 3367 1346 3418 7

201 3454 241 3507 uo
259 3471 329 3524 quae
347 3457 446 3509 caritas
464 3460 513 3511 tua
531 3455 673 3510 destinatis
691 3456 793 3510 litteris
817 3495 1217 3512 ............
1233 3471 1274 3524 ep.
1296 3453 1344 3506 151

201 3543 269 3598 Ecce
287 3545 428 3598 karissime
446 3545 566 3614 repletus
585 3544 762 3598 autmundus
784 3585 1219 3601 .............
1235 3559 1276 3611 ep.
1313 3542 1347 3596 78

201 3633 381 3686 aeclesiarum
400 3651 451 3704 pax
469 3635 523 3686 iam
542 3634 654 3687 caelesti
675 3673 1216 3691 ................
1233 3647 1275 3700 ep.
1297 3631 1347 3684 156

202 3721 269 3776 Erat
288 3722 408 3792 optabile
428 3728 456 3776 et
474 3727 539 3776 uoto
558 3726 651 3776 nostro
676 3761 1218 3779 ................
1234 3736 1275 3791 ep.
1294 3721 1346 3774 222

202 3809 670 3866 1011011111110111100111011111111111
687 3811 889 3866 mansuetudini
926 3851 1218 3869 .........
1235 3825 1276 3880 ep.
1315 3811 1347 3863 12

201 3899 251 3954 use
269 3900 378 3970 quidem
398 3899 519 3954 fidelium
537 3901 655 3970 speciale
673 3901 802 3958 solatium
821 3942 1220 3960 ............
1236 3915 1276 3968 ep.
1298 3899 1349 3953 130

201 3987 264 4042 Etsi
283 3988 475 4043 admonitionis
493 4005 570 4044 111000
589 4006 653 4043 cura
676 4031 1218 4048 ................
1234 4003 1276 4056 ep.
1297 3989 1348 4041 129

202 4077 264 4132 Etsi
282 4095 410 4148 irruguum
430 4077 534 4147 aliquid
551 4079 725 4132 taciturnitas
749 4118 1219 4135 ..............
1236 4093 1276 4145 ep.
1299 4076 1349 4130 138

202 4166 263 4219 Etsi
281 4166 357 4219 nulla
374 4167 499 4220 humanis
518 4167 673 4236 pectoribus
691 4167 778 4221 maior
796 4183 876 4237 quam
892 4207 1218 4224 ..........
1235 4181 1275 4234 ep.
1315 4165 1350 4218 20

203 4253 354 4309 Euidenter
371 4265 484 4325 apparet
502 4257 552 4310 sub
572 4256 737 4326 apostolicae
755 4255 1068 4325 splendoroeenteniiae
1106 4298 1112 4311 .
1142 4296 1148 4309 .
1178 4295 1184 4308 .
1214 4269 1277 4323 .ep.
1314 4255 1349 4307 53

204 4342 321 4414 Eulogio
342 4361 367 4399 u.
387 4362 408 4398 o.
427 4345 483 4398 filio
502 4351 595 4399 nostro
643 4385 1220 4401 .................
1236 4360 1277 4413 ep.
1299 4343 1349 4398 189
