3025 4975
638 439 665 492 11
683 438 782 493 4-*1o.
1206 444 1270 507 793

126 635 312 700 Timotheus
336 635 505 700 damnatus
529 637 658 718 accepta
680 635 828 702 libertate
853 633 1161 718 Constantinopolim
1183 636 1272 700 uenit

126 744 157 806 et
179 742 346 808 damnatos
371 743 547 808 haereticos
566 743 647 808 locis
668 743 735 806 suis
754 741 905 807 reddidit.
924 741 1015 806 uadit
1033 741 1270 818 Alexandriam3

125 847 207 932 fugit
242 847 430 914 Timotheus
464 847 639 914 catholicus
674 852 706 914 ot
732 849 765 912 iu
795 849 987 914 monasterio
1015 849 1128 925 latnit3
1156 849 1271 914 Petrus

123 957 176 1022 ille
190 957 310 1022 iterum
331 975 364 1021 so
385 955 550 1021 Timotheo
570 956 682 1034 iunxit,
703 976 777 1021 cum
796 975 859 1038 quo
878 957 982 1021 luerat
1001 962 1073 1022 ante
1093 957 1271 1022 damnatus.

94 1063 204 1128 eradit
243 1063 328 1128 Zeno
365 1063 537 1146 imperator
574 1063 612 1127 ad
654 1082 806 1148 regnum3
846 1063 1024 1128 Basiliscus
1067 1063 1270 1147 opprimiturr
1306 1071 1324 1133 8

122 1171 265 1236 mittitur
286 1170 517 1246 Alexandriam,
542 1175 579 1234 ut
598 1171 690 1253 pulso
711 1189 880 1253 paruasore
898 1170 1066 1235 Timotheo
1085 1170 1273 1235 Timotheus

123 1277 302 1344 catholicus
334 1277 518 1342 redderetur
550 1278 712 1343 ecclcsiae.
750 1277 807 1342 sad
838 1277 895 1342 illo
928 1277 1096 1341 Timotheo
1125 1278 1272 1342 damnato

121 1389 222 1452 morte
243 1387 417 1466 praeuento
432 1385 546 1450 Petrus
564 1385 601 1449 ab
617 1404 679 1450 uno
694 1385 854 1448 haeretico
870 1384 1089 1449 Alexandrinis
1104 1385 1272 1466 episcopus

123 1493 297 1570 ordinatur,
326 1511 420 1573 quom
448 1491 656 1556 nihilominus
685 1492 768 1557 deici
795 1491 893 1556 iussit
914 1493 1088 1573 imperator
1110 1493 1144 1554 et
1164 1490 1272 1555 reduci

86 1619 108 1658 ro
124 1599 329 1664 Timotheum
353 1599 557 1676 catholicum,
584 1599 670 1663 sicut
693 1599 789 1664 otiam
813 1598 923 1664 Aeacii
945 1598 1062 1662 litteris
1085 1598 1273 1664 continetur.

124 1705 244 1770 interea
286 1705 398 1770 scribit
440 1705 478 1769 ad
521 1709 647 1770 sanctae
694 1706 865 1770 memoriae
910 1723 1023 1788 papam
1071 1704 1273 1788 Simplicium
1306 1711 1327 1772 9

126 1811 312 1878 Timotheus
342 1811 519 1876 catholicus
543 1830 659 1896 rogans
684 1812 793 1876 dicens
817 1812 948 1876 Petrum
973 1812 1050 1876 olim
1073 1811 1105 1876 in
1129 1811 1272 1878 diaconio

127 1937 194 1983 esse
223 1917 419 1996 damnatum,
448 1937 531 1984 nunc
560 1920 655 1984 etiam
684 1940 701 1984 a
725 1919 905 1985 Christiana
929 1919 1081 1984 societate
1104 1923 1273 1994 remotum,

127 2029 161 2090 ut
184 2026 338 2090 scriberet
361 2026 555 2108 imperatori,
580 2029 617 2091 ut
645 2028 781 2092 eundem
804 2027 935 2091 Petrum
962 2026 1092 2110 lougius
1119 2026 1151 2089 in
1180 2026 1273 2090 exilio

87 2145 113 2185 ιο·
130 2131 287 2218 dirigeret,
317 2133 392 2216 quia
418 2133 539 2199 latebat
567 2133 598 2196 in
622 2133 832 2198 Alexandrina
855 2133 986 2197 ciuitate
1011 2136 1043 2197 et
1064 2132 1275 2197 insidiabatur

126 2238 289 2304 ecclesiae.
319 2259 375 2324 per
402 2241 500 2305 ferme
529 2240 700 2304 triennium
729 2243 762 2303 et
790 2240 928 2322 amplius
952 2242 1080 2304 sanctae
1103 2240 1273 2304 memoriae

125 2367 205 2430 papa
235 2347 422 2429 Simplicius
452 2367 626 2430 numquam
656 2348 782 2412 destitit
811 2348 947 2414 scribere
973 2347 1090 2413 Acacio
1114 2347 1273 2430 episcopo,

125 2456 162 2519 ut
191 2453 283 2519 fieret
316 2454 354 2519 de
388 2455 494 2524 Petro.
528 2456 613 2537 quod
645 2453 834 2521 Timotheus
871 2455 1041 2539 episcopus
1077 2453 1272 2537 postulabat.

126 2560 275 2627 defuncto
304 2562 471 2626 Timotheo
501 2562 651 2645 episcopo
681 2582 699 2626 a
727 2562 894 2627 catholicis
917 2562 1072 2628 Iohannes
1097 2560 1326 2627 catholicusIO

83 2669 294 2751 aepiscopus
337 2668 509 2734 ordinatur.
552 2668 655 2733 mittit
692 2669 847 2734 lohannes
885 2669 1054 2752 episcopus
1091 2667 1274 2751 synodicam

123 2794 224 2841 suam.
250 2774 437 2857 superuenit
461 2774 556 2839 etiam
580 2774 740 2839 Urbanius
766 2773 946 2839 suhadiuua
970 2778 1080 2839 contra
1101 2773 1272 2838 Iohannem

123 2882 309 2965 episcopum
348 2899 437 2945 sacra
469 2880 621 2965 principis
657 2880 836 2959 deferendo,
869 2884 907 2945 ut
939 2880 978 2945 ab
1011 2880 1152 2963 episcopi
1185 2881 1274 2944 illius

124 3006 206 3071 papa
230 3007 264 3053 se
290 2988 526 3053 confirmatione
551 2988 770 3071 suspenderet.
795 2990 828 3052 et
851 2988 926 3070 quia
942 2988 974 3050 in
994 2986 1098 3051 isdem
1116 2988 1216 3051 sacris
1236 2988 1274 3051 de

122 3093 319 3160 restituendo
343 3096 449 3169 Petro,
475 3113 569 3178 quem
594 3094 662 3177 ipso
686 3094 902 3172 damnauerat,
926 3094 1044 3159 fecerat
1067 3095 1272 3160 mentionem.

81 3200 200 3266 ahaeo
239 3220 313 3285 pars
347 3202 472 3265 omuino
507 3204 557 3265 est
584 3202 748 3287 abnegata.
783 3200 866 3265 unde
897 3201 988 3265 uisus
1022 3203 1072 3264 cst
1103 3200 1275 3283 imperator

160 3462 340 3517 ldamuatua
359 3478 410 3516 om.
431 3462 466 3515 ω3
538 3462 800 3531 constantinopolit
855 3458 1051 3527 ireddeditss
1133 3460 1217 3514 uadet
1235 3482 1273 3514 oo

123 3552 263 3605 tinuerit
282 3550 368 3603 oo¹a²
413 3549 644 3620 hohprimiturt
690 3547 919 3621 dpcrnasoretl:
938 3547 1135 3619 peruoraorel]
1179 3550 1272 3617 Sepi-

124 3639 212 3709 acopia
233 3660 263 3703 ω,
284 3638 425 3710 episcopua
444 3657 478 3695 er
496 3641 629 3711 episcopis
643 3642 672 3708 q¹
689 3657 764 3693 man.
780 3642 800 3692 2
836 3642 853 3693 9
870 3638 1067 3692 nihilhominus
1087 3657 1124 3690 ooo
1164 3638 1196 3691 10
1210 3655 1273 3692 con·

124 3726 245 3781 tinentur
265 3724 296 3794 βδ
362 3728 392 3781 11
413 3728 583 3797 symplicium
604 3728 654 3780 υιι»1
719 3728 751 3781 12
772 3744 871 3797 rogans
891 3730 919 3781 et
938 3726 1031 3779 diceus
1050 3726 1175 3779 Inherat.
1195 3732 1220 3780 ct
1239 3726 1274 3779 ω3

124 3832 199 3869 maa.
218 3819 236 3869 2
373 3817 406 3871 13
426 3834 442 3869 a
460 3832 512 3871 om.
532 3817 565 3868 ω’
704 3817 738 3870 14
757 3816 867 3869 exilium
886 3815 914 3884 q¹
937 3832 1011 3871 man.
1029 3818 1049 3868 2
1067 3819 1092 3868 et
1110 3812 1145 3865 ω8
1162 3832 1237 3868 mon.
1256 3820 1274 3870 2

127 3905 160 3957 15
180 3903 380 3958 alexandrinam
401 3905 594 3969 (alexandriam
606 3904 650 3971 u¹l
672 3904 845 3959 ciuitatemu
884 3907 916 3959 16
935 3904 1010 3957 dune
1022 3902 1044 3969 δ,
1063 3904 1139 3974 firme
1157 3904 1273 3973 hiereo»

125 4008 174 4061 per
190 3993 338 4045 triennium
357 4009 421 4063 ergo
440 3993 525 4047 fenne
544 3994 627 4063 uulua
671 3994 702 4048 17
719 3993 823 4046 distitit
837 3991 899 4061 βδρ2
908 3998 933 4046 et
942 3992 970 4060 q¹
978 4008 1054 4047 man.
1064 3996 1091 4054 2,
1102 3990 1229 4046 destituit
1238 3994 1274 4045 ω2

127 4082 161 4135 19
180 4080 309 4135 defuncto
329 4097 393 4151 ergo
413 4082 481 4136 Tira.
500 4083 583 4151 culpo
667 4082 792 4135 iohannis
812 4080 898 4150 ossdp²
915 4087 941 4136 et
959 4081 986 4148 q'
1006 4097 1080 4134 man.
1100 4088 1115 4133 1
1155 4081 1190 4134 20
1208 4082 1273 4134 mit·

124 4174 168 4225 tet
188 4169 288 4241 m¹ro²q²
372 4171 498 4225 iohannis
519 4170 578 4241 βὸρ
668 4173 700 4225 21
723 4172 851 4240 urpaniua
871 4169 986 4239 oq²o¹oo²
1006 4170 1132 4236 (Uranius
1151 4168 1271 4236 reeicit)

126 4244 260 4313 suhaiuua
280 4258 310 4328 βδ
400 4262 435 4315 22
454 4260 588 4331 principes
607 4259 636 4329 ρ’
654 4266 679 4313 et
698 4266 763 4315 oute
780 4276 848 4313 corr.
868 4258 896 4327 ᾳ*
986 4258 1139 4329 episcopitii
1157 4258 1195 4327 qt
1215 4259 1273 4327 epi·

126 4348 217 4419 scopis
235 4350 265 4419 q2
301 4350 335 4403 ‘23
355 4350 585 4403 coadunationem
605 4369 626 4399 o
680 4349 786 4403 hisdem
806 4349 877 4419 βδυω
896 4353 922 4403 et
940 4348 968 4417 q¹
986 4352 1095 4403 maml
1137 4344 1272 4417 24ipsad
