3025 4975
512 450 600 520 Epist.
620 447 756 503 CLXVIII
776 448 854 503 2-9.
1188 450 1253 513 623

123 668 241 730 aupema
283 647 448 723 destituit3
491 648 608 712 etenim
655 647 814 713 ueraciter
860 644 1014 729 scriptum
1060 647 1126 711 est:
1173 644 1253 708 nisi

125 756 297 820 dominus
327 754 584 820 custodierit
612 753 850 832 ciuitatem,
880 752 919 817 in
948 771 1048 817 uano
1074 751 1255 836 uigilant

124 862 176 943 qui
203 861 455 927 custodiunt
482 880 575 927 eam.
642 860 780 926 bellabis
809 864 843 925 tu
874 858 1002 942 quidem
1030 858 1138 925 diuino
1161 860 1298 927 tutns5

125 968 234 1046 auxilio,
268 967 534 1034 excellentissime
566 970 724 1051 princeps,
760 972 792 1032 et
823 970 898 1032 tuae
931 966 976 1031 rei
1003 966 1150 1050 publicae
1178 966 1253 1049 iugo

101 1073 378 1140 rfarocisaimarum
411 1076 556 1159 gentium
589 1075 671 1141 colla
702 1074 885 1152 submittes,
919 1074 975 1138 sed
1006 1074 1095 1138 nulla
1121 1073 1257 1137 uictoria

123 1184 215 1262 potest
237 1191 355 1252 <esse>
379 1182 599 1265 praestantior,
619 1201 714 1265 quam
734 1181 819 1263 quod
837 1180 968 1246 humani
986 1179 1113 1244 hostem
1133 1180 1256 1263 generis

123 1290 181 1367 post
203 1289 351 1371 quaesita
374 1294 440 1352 tam
459 1288 547 1371 longi
566 1288 719 1370 temporis
742 1287 941 1351 finuamenta
964 1286 1136 1351 subuertis.
1160 1286 1256 1350 anim·
1280 1290 1300 1354 6

124 1388 187 1458 uaro‘
203 1398 384 1459 ceterorum
398 1398 511 1459 natura
525 1396 719 1477 proeliorum
734 1394 886 1459 distincta
900 1392 1059 1477 gentibus,
1074 1392 1256 1475 regionibus

124 1501 289 1577 terminata,
315 1520 425 1567 cruore
448 1502 590 1584 polluta:
614 1501 692 1566 haec
715 1520 807 1565 omne
831 1518 930 1583 genus
954 1500 1128 1563 humanum
1150 1499 1257 1581 palma

93 1608 345 1689 nooomploctitur¹
369 1608 453 1672 bunc
477 1608 626 1672 omnibus
650 1606 834 1691 regionibus
858 1606 1031 1690 imputabis
1058 1605 1257 1689 triumphum

125 1716 158 1789 et,
180 1714 263 1796 qnod
288 1714 417 1779 diuinae
438 1714 617 1795 proximum
640 1713 755 1797 pietati
779 1715 838 1791 est,
864 1712 918 1796 qui
940 1710 1036 1795 paulo
1061 1716 1134 1777 anto
1158 1712 1257 1777 ductu

125 1818 230 1885 diaboli
257 1821 494 1905 grassabantur,
523 1840 607 1886 nuno
635 1821 675 1885 ad
702 1820 846 1904 propriae
876 1819 989 1884 salutis
1018 1818 1166 1884 ellectum
1190 1820 1257 1883 siue

126 1927 276 2009 sanguinis
301 1926 455 1992 effusione
477 1927 659 1994 uincuntur.
748 1926 875 1991 durabit
892 1926 992 2011 igliur
1009 1926 1105 1991 buius
1126 1926 1257 1991 Christi·
1282 1932 1299 1995 7

126 2050 191 2095 anae
220 2033 375 2099 uictoriae
407 2054 463 2117 per
495 2054 610 2099 aeuum
641 2033 835 2117 triumphus
869 2052 970 2116 nequa
999 2034 1082 2098 enim
1110 2035 1260 2115 poterunt

96 2137 186 2202 olaba
215 2140 366 2222 temporis
400 2141 529 2217 aboleri,
563 2160 643 2222 quae
675 2142 707 2204 in
741 2140 952 2223 sempiternae
980 2140 1053 2205 fidei
1082 2140 1258 2205 stabilitate

127 2244 244 2311 lundata
284 2250 376 2322 sunt;
418 2247 616 2329 permanebit
656 2247 751 2331 longe
792 2248 920 2330 lateque
957 2252 1138 2313 uestrorum
1174 2247 1259 2311 fama

126 2351 270 2417 factorum
298 2358 340 2431 et,
370 2354 455 2419 sicut
487 2354 606 2419 diuinis
640 2354 824 2437 designatur
856 2354 1002 2436 eloquiis,
1036 2355 1074 2418 in
1109 2372 1257 2418 omnem

129 2458 263 2525 terram
288 2460 421 2526 exiuit
444 2480 571 2526 sonus
595 2480 731 2526 eorum
751 2465 789 2527 et
806 2460 844 2526 in
864 2460 971 2526 fines
992 2460 1103 2526 orbis
1123 2464 1257 2526 terrae

128 2567 238 2632 uerba
264 2587 411 2633 eorum.
441 2571 474 2633 et
497 2569 611 2634 ceteris
636 2568 765 2651 quidem
788 2569 883 2634 bellis
907 2587 999 2653 agros
1024 2569 1118 2632 urbes
1143 2566 1260 2650 oppida
1283 2565 1302 2628 8

94 2689 115 2727 a
129 2672 183 2745 nel,
204 2675 285 2755 quod
308 2676 506 2757 postremum
530 2677 589 2749 est,
610 2675 828 2740 subiectorum
847 2675 1028 2739 libertatem
1046 2675 1157 2752 tueris,
1178 2691 1259 2756 quae

129 2781 346 2852 mor<t>alium
386 2781 500 2846 usibus
538 2785 719 2864 comparata
761 2781 860 2846 simili
883 2781 1040 2864 quondam
1064 2781 1259 2846 mortalitate

130 2882 266 2949 soluenda
301 2888 394 2950 aunt:
431 2887 463 2950 in
500 2887 561 2951 hoc
599 2887 770 2951 certamine
810 2888 878 2952 uita
914 2887 984 2971 ipsa
1016 2887 1196 2952 defenditur
1228 2891 1260 2953 et

131 2990 346 3068 quodammodo
377 2991 461 3064 (de)
497 2993 707 3074 sempiternae
736 2993 944 3060 beatitudiuis
982 3014 1051 3059 arce
1088 2998 1259 3079 pugnatur.

132 3095 261 3174 quocirca
289 3098 472 3163 continuam
494 3099 575 3162 tanti
599 3097 704 3180 operis
728 3103 900 3181 apparatus
925 3101 1110 3165 clementiae
1133 3104 1259 3165 uestrae
1284 3100 1306 3162 b

95 3199 321 3268 aintentionem
348 3203 492 3284 requirit.
521 3203 626 3282 facite,
650 3209 689 3269 ut
711 3205 835 3269 nullum
859 3225 990 3287 prorsus
1012 3206 1259 3289 receptaculum,

133 3325 162 3370 ex
178 3329 234 3392 quo
251 3330 362 3376 rursus
382 3311 633 3375 immanissimus
653 3311 756 3376 hostis
781 3316 931 3397 emergat,
955 3313 1111 3390 inueniat;
1136 3315 1259 3379 cunctis

132 3431 193 3478 eom
217 3417 332 3481 nudate
359 3417 526 3501 praesidiis
556 3421 597 3494 et,
626 3419 654 3482 si
682 3418 760 3499 quid
787 3437 923 3502 usquam
951 3420 1161 3503 uestigiorum
1191 3422 1259 3485 eius

130 3521 272 3604 reliquum
304 3527 365 3602 est,
397 3523 431 3588 id
464 3543 556 3588 omne
589 3524 737 3588 clementi
776 3525 915 3590 remedio
953 3528 1129 3609 repurgato.
1169 3546 1260 3592 omne

132 3630 274 3710 nequitiae
288 3650 417 3715 germen
436 3630 580 3695 funditus
600 3635 738 3708 eruatur,
759 3633 894 3697 aduersa
912 3632 969 3698 deo
990 3633 1071 3716 stips
1091 3633 1260 3697 arluinum

211 3821 340 3876 lPsalm.
362 3823 421 3886 126,
443 3824 455 3876 1
514 3825 546 3877 17
565 3823 664 3878 Psalm.
686 3825 727 3887 18,
747 3828 764 3878 5

161 3927 286 3984 inanum
307 3949 321 4000 p
341 3945 401 3984 cum
423 3929 545 4001 Vulcata
624 3931 717 3984 besse
735 3931 886 4000 inseruitp
962 3931 994 3983 10
1013 3929 1172 3998 importabis
1192 3929 1260 3982 Bar.

134 4013 160 4065 ll
176 4017 281 4084 pietatis
305 4018 336 4082 V,
357 4035 461 4074 corno
552 4019 584 4072 12
604 4019 702 4073 effectu
726 4018 756 4082 V,
776 4035 845 4074 corr.
866 4037 884 4070 α
958 4021 990 4072 15
1011 4019 1174 4088 sempiterna
1192 4017 1261 4072 Bor.

134 4101 162 4153 lb
177 4107 342 4173 permanebit
361 4105 388 4176 p²
486 4109 521 4162 20
539 4125 693 4180 supremum
712 4108 783 4162 Bar.
889 4107 921 4161 21
942 4107 1083 4161 moralium
1108 4107 1139 4172 V,
1159 4123 1228 4161 corr.
1248 4125 1262 4176 p

132 4191 235 4256 quadam
251 4197 321 4250 Bor.
377 4197 410 4251 23
430 4196 463 4250 de
483 4197 549 4251 add.
569 4196 680 4262 Harlel,
699 4213 747 4267 pro
771 4197 836 4250 Gor.
902 4195 981 4250 arche
1005 4196 1032 4249 V
1083 4196 1117 4250 28
1137 4196 1261 4250 clementi

132 4281 238 4335 remedio
256 4286 292 4352 (?)
309 4285 388 4340 Cam:
409 4286 550 4340 clementis
563 4287 684 4340 ronredia
706 4286 729 4339 V
775 4287 809 4340 29
825 4289 933 4340 eruatur
948 4284 985 4338 0²:
1006 4289 1130 4340 seruatur
1148 4284 1174 4336 V
1230 4285 1263 4338 de

133 4369 209 4435 ostipa
229 4371 260 4434 V,
278 4375 399 4430 correxi:
419 4374 469 4429 deo
489 4375 571 4446 stirps
591 4374 618 4446 ρ’
1292 4375 1296 4383 ’

181 4491 255 4534 xxxv
268 4508 322 4546 pm
336 4499 356 4538 a.
1161 4481 1197 4534 40
