3025 4975
492 422 579 491 Epist.
598 420 711 475 CCVIII
728 423 746 475 4
765 452 799 461 -
819 420 901 476 CCXI
922 423 945 475 1.
1228 426 1293 490 669

149 616 294 681 uolentes
311 616 477 699 episcopos
496 636 514 679 a
533 615 721 681 crudelitato
740 619 772 679 et
791 614 977 681 criminibus
993 618 1157 701 contingat
1171 636 1295 701 semper

150 724 289 789 innoxios
314 723 535 805 comprobari?
560 727 763 805 expectamus
787 724 895 807 igitur,
921 724 949 788 si
972 742 1032 788 non
1053 723 1168 789 desunt
1185 724 1294 789 frater·

151 831 240 896 nitati
270 835 343 895 tuae
370 830 517 894 utriculis
544 829 603 894 deo
632 834 724 893 uotae
746 831 915 912 praesidia,
940 834 977 893 ut
1001 834 1034 895 et
1057 831 1136 895 tanti
1165 832 1294 897 sceleris

151 942 213 1003 ate
231 937 368 1020 repellas
387 936 540 1000 inuidiam
559 937 641 1001 etin
660 937 916 1002 reconciliatione
936 937 1010 1003 fidei
1028 937 1154 1002 tandem
1175 957 1293 1015 eorum,

120 1063 132 1102 a
151 1044 202 1126 qui
223 1044 346 1109 reuersi
365 1046 450 1120 sunt,
475 1044 617 1125 sequaris
638 1045 789 1127 exempla.
837 1044 920 1108 Data
943 1044 1015 1109 llll.
1039 1044 1112 1109 Kal.
1136 1044 1292 1109 Nouemb.

150 1150 292 1215 Rustioio
316 1170 347 1213 u.
373 1170 400 1214 c.
425 1168 511 1214 cons.

668 1344 777 1428 (aro.)

190 1488 348 1535 nonrrson
374 1488 490 1533 munau
518 1488 642 1533 uuonan
665 1490 704 1533 nn
728 1488 922 1534 uicosnnnro
951 1488 1121 1535 nrrscorrs.
1169 1467 1293 1548 Quanto

150 1596 235 1642 mens
263 1579 373 1643 nostra
401 1577 519 1642 doloris
546 1578 647 1641 uestri
674 1577 840 1659 participio
869 1577 1030 1660 fatigetur,
1060 1594 1294 1660 superuacuum

116 1687 197 1749 nest
218 1684 304 1766 apud
326 1685 497 1765 probantes
527 1687 672 1747 mutuum
702 1684 865 1748 caritatem
894 1683 1000 1747 uerbis
1030 1683 1208 1759 adstruere;
1238 1682 1294 1747 sed

150 1790 210 1865 ille,
244 1792 300 1873 qui
332 1794 365 1854 et
395 1794 541 1855 nostrum
574 1791 714 1855 animum
751 1795 784 1855 ct
816 1793 942 1855 uestros
979 1791 1102 1855 labores
1136 1793 1294 1854 scrutator·

150 1898 309 1979 praescius
346 1899 498 1974 intuetur,
536 1917 711 1962 maerorem
746 1902 890 1962 nostrum
928 1902 1036 1962 uestra
1071 1898 1102 1960 in
1140 1896 1292 1980 gaudium

151 2005 356 2087 prosperitate
379 2008 553 2069 conuertat.
600 2024 713 2069 uerum
732 2024 770 2068 ne
790 2024 941 2087 umquam
961 2023 1016 2088 pro
1037 2006 1143 2067 uestro
1164 2002 1291 2086 negotio
1317 2011 1337 2071 2

151 2112 205 2174 sub
233 2111 426 2196 allegatione
458 2111 637 2176 iustissima
665 2116 697 2175 et
722 2112 839 2175 blanda
865 2111 1090 2175 intercessione
1119 2128 1291 2187 cessemus,

117 2218 299 2282 nnoueritis
331 2237 389 2282 nos
422 2222 488 2281 tarn
521 2218 560 2280 ad
594 2217 878 2283 clementissimum
914 2218 1088 2301 principem
1121 2236 1214 2297 quarn
1253 2216 1292 2281 ad

151 2324 482 2406 praecellentissimam
508 2324 690 2407 Augustam
719 2343 863 2389 necnon
888 2324 927 2387 ad
949 2323 1092 2387 illustres
1117 2325 1149 2385 et
1171 2322 1292 2405 magni-

151 2432 221 2499 ficos
245 2432 334 2498 uiros
352 2431 565 2496 lastinianum
590 2434 686 2514 atque
705 2430 898 2496 Germanum
918 2428 1000 2495 filios
1025 2431 1149 2494 nostros
1168 2429 1291 2493 litteras

152 2540 323 2604 desttnasse
347 2539 693 2622 uest1umspeoialiter
714 2538 879 2622 negotium
900 2537 1108 2614 continentes,
1129 2557 1207 2618 quas
1228 2538 1296 2600 uiro

153 2647 277 2710 sublimi
305 2646 442 2730 Eulogio
471 2647 515 2710 ita
543 2646 743 2722 tradidimus,
773 2649 810 2709 ut
838 2645 869 2708 in
898 2648 1005 2708 uestro
1034 2643 1172 2726 primum
1201 2647 1299 2727 ponat

117 2754 287 2831 scorbinio,
322 2756 431 2817 utrum
461 2773 516 2836 per
547 2773 606 2816 uos
640 2772 692 2816 eas
727 2752 854 2836 eligatis
889 2751 998 2816 offerre
1032 2770 1069 2814 au
1104 2771 1159 2834 per·
1189 2745 1295 2833 ipsum

154 2862 254 2942 potius
277 2863 467 2944 perlatorem
490 2863 556 2924 taur
580 2860 714 2941 principi
737 2859 939 2943 porrigantur
958 2877 1052 2940 quam
1072 2859 1195 2936 ceteris,
1217 2876 1295 2940 quas

156 2966 389 3051 designauimus
413 2986 517 3048 supra,
541 2966 694 3049 personis.

666 3160 774 3242 (211.)

193 3304 348 3349 normann
371 3303 515 3348 sarrano
534 3303 769 3347 uniusnnrssrro.
812 3284 1050 3348 Enoubautibus
1070 3284 1164 3348 uobis
1182 3283 1293 3366 proba-

118 3417 139 3455 s
154 3391 205 3456 bili
239 3411 297 3474 pro
331 3391 547 3456 ecclesiastica
577 3410 654 3473 pace
690 3391 854 3472 proposito
889 3393 921 3454 et
954 3395 1041 3455 tanto
1079 3391 1152 3454 fidei
1191 3393 1292 3455 calore

185 3637 283 3690 tuoto
307 3636 338 3696 V,
358 3635 464 3690 correxi

183 3726 248 3780 210.
299 3725 368 3778 Dal.
388 3725 483 3791 (micul
502 3740 562 3779 curn
580 3741 639 3792 epp.
658 3727 947 3778 189190202203
965 3727 1026 3777 207
1044 3726 1107 3790 211)
1128 3739 1153 3778 a.
1177 3723 1292 3776 credie

152 3813 252 3881 tSept.
267 3831 320 3882 per
337 3813 495 3882 Eulogium.
581 3813 655 3865 Eud.
679 3813 742 3866 Car.
763 3811 794 3865 1²
814 3815 881 3878 513;
902 3811 1011 3866 Collect.
1035 3811 1153 3876 Cocco'l.,·
1172 3811 1253 3864 BTA
1273 3811 1294 3864 I

154 3904 219 3969 4355
240 3903 319 3956 Ticiel
337 3904 410 3967 888;
428 3907 618 3956 conmemorat
635 3903 704 3956 Bar.
725 3901 765 3954 cd
783 3919 809 3954 o.
832 3903 893 3959 519.
913 3904 975 3953 134.
1035 3902 1051 3952 9
1069 3899 1242 3970 participatio
1263 3917 1288 3961 α,

152 3991 443 4061 comparticipatione
462 3989 489 4042 0²
560 3991 596 4044 10
615 3991 726 4044 arbitrio
746 4006 779 4044 ex
798 3989 911 4042 arbitriu
930 4005 998 4043 corr.
1023 3989 1048 4042 V
1120 3988 1234 4056 elegatis
1258 3988 1289 4052 V,

153 4093 244 4132 corto

182 4167 239 4225 211.
275 4170 343 4223 Dat.
362 4173 395 4222 ut
412 4185 451 4237 sp.
470 4171 536 4221 210.
581 4169 656 4222 Eud.
679 4168 742 4221 Car.
763 4167 795 4221 1²
815 4170 881 4233 ma,-
903 4167 1011 4223 Oollect.
1035 4167 1152 4232 &accitu
1170 4165 1253 4218 Bra
1271 4167 1293 4219 I

155 4258 219 4324 435,·
239 4257 314 4312 Tire'el
334 4261 408 4324 8925
426 4263 615 4312 comruemorct
633 4257 702 4310 Bar.
724 4257 762 4311 cd
782 4275 806 4312 a.
830 4261 891 4324 519,
911 4259 975 4310 134.
1030 4259 1065 4316 24
1082 4255 1182 4310 illustri
1201 4255 1288 4320 Ticer,

154 4345 427 4400 <strenuosissimo
449 4345 511 4401 Gar.
