3025 4975
10 2496 12 2585 l

660 472 674 526 1
692 472 808 527 sr-ao.
1239 474 1303 541 785

160 671 377 734 monstratur?
406 668 433 734 si
463 671 546 734 certe
571 669 610 734 de
634 669 791 753 dignitate
815 669 921 752 agitur
943 669 1122 748 ciuitatum,
1146 670 1304 736 secundae
1315 665 1358 728 34

161 776 244 840 sedis
278 779 310 840 et
341 776 454 840 tertiae
487 776 587 842 maior
619 779 668 840 est
701 775 841 860 dignitas
875 777 1075 842 sacerdotum
1107 796 1201 860 quam
1234 777 1303 842 eius

160 882 311 960 ciuitatis,
341 901 423 964 quae
450 901 511 947 non
536 884 642 948 solum
665 882 749 948 inter
772 881 864 947 sedes
888 883 1018 948 minime
1041 887 1226 948 numeratur
1248 883 1305 949 sed

159 1007 214 1052 neo
241 988 324 1053 inter
350 988 669 1072 metropolitanorum
697 989 767 1053 iura
795 993 951 1054 censetur.
980 1009 1053 1054 nam
1081 990 1166 1072 quod
1199 989 1304 1054 dicitis

133 1094 270 1180 e‘regiae
313 1095 477 1173 ciuitatis,
520 1095 582 1160 ulia
622 1099 766 1178 potestas
809 1099 860 1161 est
894 1097 984 1180 regni
1022 1097 1205 1174 saecularis,
1242 1097 1306 1161 alia

160 1201 447 1267 ecclesiasticarum
477 1201 660 1268 distributio
689 1203 892 1286 dignitatum.
921 1204 1006 1268 siout
1039 1203 1123 1267 enim
1155 1203 1303 1286 quamuis

159 1327 255 1390 parua
283 1309 398 1374 ciuitas
427 1309 680 1394 praerogatiuam
708 1309 886 1392 praesentis
910 1310 999 1394 regni
1022 1329 1083 1375 non
1106 1310 1233 1389 minuit,
1257 1309 1304 1374 sic

159 1415 331 1497 imperialis
359 1416 538 1498 praesentia
565 1435 745 1480 mensuram
775 1416 1018 1499 dispensationis
1046 1417 1214 1500 religiosae
1242 1435 1304 1481 non

159 1525 269 1588 mutat.
294 1523 338 1586 sit
360 1523 445 1587 clara
467 1522 542 1586 urbs
567 1523 623 1586 illa
645 1527 807 1606 potestate
830 1523 1006 1607 praesentis
1029 1523 1165 1606 imperii,
1189 1523 1303 1608 religio

124 1655 144 1692 ιο
160 1628 216 1692 sub
246 1629 357 1692 eodem
385 1631 461 1693 tunc
488 1629 588 1707 firma,
617 1633 693 1694 tunc
721 1631 831 1704 libera,
859 1634 937 1695 tunc
965 1633 1117 1714 prouecta
1145 1631 1302 1704 consistit,

161 1736 186 1799 si
205 1735 311 1816 potius
331 1735 392 1800 hoc
411 1739 575 1818 praesente
593 1737 751 1819 propriam
769 1740 878 1802 teneat
896 1737 964 1802 siue
983 1737 1050 1800 ulla
1067 1737 1304 1820 perturbatione

158 1859 346 1906 mensuram.

202 1947 264 2013 Sed
297 1948 422 2013 dicatur
453 1948 585 2013 forsitan
615 1949 653 2014 de
681 1949 891 2015 Alexandrino
921 1953 954 2015 et
980 1950 1179 2014 Antiocheno
1207 1949 1302 2014 certis
1313 1947 1356 2009 35

158 2073 191 2118 er
215 2055 321 2120 causis
345 2056 519 2138 principem
542 2057 646 2140 magis
666 2057 732 2134 illa,
753 2075 834 2139 quae
854 2061 946 2141 gesta
964 2060 1048 2132 sunt,
1068 2075 1131 2120 nen
1150 2056 1302 2120 Acacium

121 2187 141 2224 n
158 2161 363 2244 praecepisse.
394 2163 450 2227 sed
473 2163 607 2246 principi
633 2163 811 2228 Christiano
836 2163 985 2230 decuerat
1008 2181 1179 2248 suggerere
1202 2181 1303 2228 saeer-

157 2269 271 2345 dotem
296 2269 431 2334 maximo
456 2269 546 2334 cuius
570 2270 787 2335 familiaritate
807 2274 840 2335 et
857 2272 967 2335 fauore
986 2270 1159 2347 fruebatur,
1180 2269 1303 2334 saluam

156 2376 218 2440 fore
254 2377 292 2440 do
331 2376 399 2442 eius
433 2377 549 2440 iniuria
586 2376 841 2460 contumeliaque
876 2377 1061 2456 uindictam,
1099 2379 1224 2441 tantum
1266 2379 1304 2440 ut

159 2483 310 2549 ecclcsiae
339 2483 456 2549 sineret
484 2483 683 2550 Christianus
712 2485 859 2568 princeps
888 2486 1015 2569 regulas
1040 2482 1304 2566 custodirique

158 2592 189 2655 et
220 2609 303 2655 noua
334 2590 367 2655 in
400 2594 535 2673 utroque
566 2592 715 2675 pontifice
749 2610 846 2655 causa
878 2594 965 2657 esset
992 2594 1098 2656 exorta
1126 2595 1160 2655 et
1185 2608 1303 2654 nouam

11 2692 12 2779 l
117 2724 140 2761 a
158 2696 387 2761 discussionem
416 2702 645 2780 consequenter
671 2699 855 2781 inquireret,
885 2702 926 2773 et,
956 2699 1042 2763 sicut
1070 2717 1195 2779 semper
1218 2702 1305 2760 esset

157 2804 314 2881 effectum,
330 2802 518 2869 sacerdotali
533 2805 664 2870 concilio
681 2806 718 2869 de
734 2805 953 2870 sacerdotibus
963 2804 1302 2887 iudiciaprouenirent,

156 2928 214 2973 non
239 2930 257 2974 a
276 2910 430 2975 saeculari
449 2912 634 2977 uiderentur·
652 2912 901 2994 qualescumque
919 2912 1098 2994 pontifices,
1120 2910 1183 2975 etsi
1201 2929 1303 2974 errore

156 3014 338 3081 humanitus
368 3018 548 3095 accedente,
577 3038 638 3083 non
668 3021 774 3083 tamen
798 3022 909 3084 contra
931 3020 1118 3103 religionem
1141 3018 1302 3082 ullatenus

156 3123 337 3189 excedentes
361 3128 519 3207 potestate
543 3126 682 3208 percelli.
709 3146 746 3190 an
768 3125 806 3189 ad
825 3127 904 3191 haec
922 3127 1010 3191 iusta
1027 3127 1148 3189 ratione
1167 3124 1303 3207 principi
1313 3124 1354 3186 36

116 3258 138 3295 n
157 3230 354 3313 suggerenda
390 3251 450 3295 non
490 3236 557 3296 erat
593 3234 699 3316 regiae
737 3234 880 3297 ciuitatis
918 3232 1036 3298 bonore
1069 3232 1242 3297 sublimis?
1275 3230 1304 3294 si

155 3336 255 3402 lactus
285 3342 352 3402 erat
378 3338 434 3403 illa
462 3339 551 3423 regia
579 3340 710 3405 ciuitate
741 3340 918 3417 sublimior,
946 3344 1035 3405 tanto
1063 3338 1167 3422 magis
1195 3337 1226 3401 in
1251 3337 1302 3401 his

156 3442 361 3527 suggerendis
391 3444 502 3509 debuit
530 3465 599 3510 esse
629 3448 838 3522 constantien
869 3446 896 3512 si
925 3450 1031 3511 autem
1064 3447 1096 3511 in
1128 3447 1189 3523 his,
1222 3464 1302 3526 quae

187 3759 290 3827 3quae
308 3757 362 3810 a'T:
381 3774 460 3827 quem
482 3758 553 3829 ρυβδ
644 3762 757 3815 linter
780 3778 833 3816 om.
854 3760 885 3829 βδ
976 3761 1081 3815 5alias
1106 3761 1132 3827 (a
1149 3760 1181 3813 in
1199 3760 1301 3829 ruald

153 3847 252 3901 aliast
308 3848 383 3903 bsic
402 3848 506 3902 enirnb
570 3852 655 3920 'lpar
674 3851 771 3903 ciuitas
792 3852 824 3919 βδ
889 3850 1044 3919 8dispens.
1065 3850 1184 3917 regionis
1203 3850 1301 3918 relegi-

153 3954 196 3991 ose
216 3938 247 4007 βδ
316 3939 425 3993 9urbis
446 3938 543 4009 Qubba*³
614 3940 717 4009 relegio
738 3940 830 4009 q²q³3t
900 3942 932 3993 10
953 3938 1118 3994 consistatb
1188 3939 1219 3993 11
1239 3955 1300 4009 pro·

151 4028 236 4097 prium
255 4027 287 4097 βδ
353 4030 385 4081 13
406 4028 508 4083 (loom.
528 4029 569 4083 iT
621 4030 654 4083 15
674 4030 795 4099 principe
814 4029 837 4082 i³
909 4029 1057 4099 principem
1079 4028 1255 4081 christianum
1278 4028 1304 4080 T

153 4117 185 4169 16
203 4118 278 4171 cuius
297 4134 348 4172 om.
368 4116 411 4187 g2'
499 4117 655 4171 fruebamur
675 4118 706 4187 βδ
800 4120 831 4171 17
852 4117 978 4171 iniuriam
1000 4116 1032 4187 βδ
1140 4116 1301 4169 uindictaZ

154 4206 185 4259 18
202 4207 297 4260 siniret
316 4204 391 4276 q¹q²fi
410 4212 436 4261 et
454 4223 486 4261 ea
504 4208 605 4261 sineret
624 4207 637 4259 δ
707 4207 740 4260 22
762 4208 966 4276 qualiscumque
986 4206 1018 4274 βδ
1082 4205 1116 4259 23
1136 4206 1299 4274 relegionem

154 4293 240 4363 βδῃῖρ3
311 4298 346 4349 24
365 4296 399 4351 ad
418 4292 452 4350 s:
473 4298 501 4349 et
520 4296 539 4349 Σ
559 4298 620 4365 (σπι.
640 4295 672 4366 13)
766 4298 840 4349 iuxta
859 4297 994 4349 rationem
1013 4294 1053 4347 iT
1124 4296 1157 4348 25
1178 4297 1237 4346 erat
1256 4290 1301 4360 βδι

153 4388 226 4437 erant
247 4383 326 4454 QoiT
345 4386 397 4451 (A)
471 4384 581 4439 honoris
602 4384 633 4452 βδ
688 4387 723 4438 26
742 4384 845 4439 factum
865 4384 896 4453 βδ

1192 4487 1243 4541 50⁸
