3025 4975
568 445 719 510 Ilii—513
739 446 767 500 ΙΙ
787 447 864 500 1-3,

698 639 740 702 lI.

214 782 428 828 Nansfflouls
454 783 532 828 oliuo
556 783 597 828 DE
621 783 801 828 penetrarat
825 785 971 830 DI⁰SCORI
994 787 1218 834 anemurum.

187 887 403 969 Posteaquam
440 889 614 954 Dioscorus
652 889 882 956 Alexandrinus
921 891 1089 974 episcopus
1123 889 1200 981 [qui]
1234 915 1288 978 pro
1316 903 1332 964 l

145 995 219 1058 tacti
245 996 295 1059 sui
320 996 484 1077 qualitate,
504 995 537 1059 id
557 999 606 1060 est
626 997 700 1079 quia
719 1001 923 1061 consenserat
941 998 1112 1082 Eutycheti
1130 999 1290 1067 haeretico

118 1102 177 1163 ret
208 1101 373 1166 damnauit
405 1102 593 1167 Flauianum
626 1104 810 1186 episcopum
845 1104 1040 1169 catholicum
1071 1104 1290 1171 Constantino-

143 1208 330 1290 politanum‚
346 1209 428 1297 apud
441 1207 649 1274 Calcedonam
663 1214 778 1283 (tarn)
796 1232 814 1275 a
828 1212 968 1295 principe
984 1215 1290 1278 sanctaememoriae

144 1313 303 1378 Marciano
338 1335 432 1396 quam
467 1316 505 1380 ab
539 1317 652 1382 aulicis
685 1320 901 1400 potestatibus
935 1319 987 1382 uel
1021 1325 1135 1383 cuncta
1172 1321 1290 1403 synodo

143 1421 311 1486 damnatus
328 1427 388 1500 est,
406 1422 565 1488 Proterius
581 1425 757 1489 catholicus
777 1424 815 1488 fit
833 1426 990 1490 sacerdos.
1006 1429 1083 1491 tunc
1102 1427 1291 1491 Timotheus
1316 1428 1337 1489 2

142 1529 317 1612 presbyter,
356 1529 407 1594 cui
445 1549 617 1614 cognomen
652 1537 720 1595 erat
751 1533 892 1610 Elimas,
926 1536 960 1597 et
991 1532 1106 1596 Petrus
1140 1533 1290 1598 diaconus

105 1638 316 1700 insectatores
348 1635 494 1702 Dioscon'
527 1639 566 1702 ab
602 1638 812 1704 Alexandrina
849 1659 882 1704 se
922 1639 1057 1704 ecclesia
1094 1646 1289 1723 separarunt.

143 1761 221 1824 quos
260 1761 333 1806 cum
374 1743 537 1808 Proterius
579 1745 748 1827 episcopus
791 1745 830 1808 ad
871 1745 1083 1810 ministerium
1127 1746 1289 1829 proprium

142 1866 290 1913 reuocare
322 1868 383 1914 non
415 1855 535 1932 posset,
569 1855 740 1934 utrumque
774 1851 947 1917 damnauit.
985 1855 1111 1916 mortuo
1148 1854 1290 1936 principe

143 1955 302 2020 Marciano
332 1957 475 2022 collectis
504 1957 607 2022 turbis
637 1958 868 2024 haereticorum
897 1959 1085 2024 Timotheus
1115 1963 1147 2023 et
1174 1960 1290 2026 Petrus

143 2063 275 2126 ueniunt
312 2062 534 2128 Alexandriam
572 2069 603 2129 et
636 2065 798 2129 ordinatur·
830 2065 868 2129 ab
901 2065 1069 2129 haereticis
1102 2065 1290 2130 Timotheus

114 2169 323 2252 aepiscopus.
354 2169 416 2236 duo
444 2170 543 2254 igitur
575 2172 659 2254 apud
690 2172 910 2236 Alexandriam
945 2172 1086 2255 episcopi
1119 2175 1290 2254 coeperunt

142 2296 221 2340 esse.
265 2279 336 2340 ante
373 2277 514 2341 triduum
552 2279 698 2361 paschae,
728 2299 790 2362 quo
829 2299 905 2344 cena
943 2279 1064 2343 domini
1101 2279 1334 2356 celebratur‚3

142 2383 308 2447 conductis
328 2383 366 2447 ab
387 2383 437 2448 his
456 2385 588 2466 perditis
608 2385 764 2450 occiditur
778 2387 808 2449 in
825 2385 961 2450 ecclesia
977 2389 1104 2449 sanctae
1119 2386 1288 2450 memoriae

141 2490 316 2568 Proterius,
345 2490 384 2554 ad
413 2510 507 2573 quam
537 2512 571 2557 se
599 2492 712 2557 timore
738 2493 924 2568 contulerat,
948 2494 1056 2575 ibique
1080 2511 1176 2575 supra
1205 2494 1288 2557 dicto

175 2657 211 2712 Il.
249 2657 330 2712 Haec
348 2658 460 2727 epitome
480 2664 617 2713 tractatas
638 2662 683 2723 99,
699 2676 783 2726 qaam
796 2676 847 2714 aaa
860 2660 918 2713 laco
934 2660 1027 2713 littera
1041 2661 1061 2709 Σ
1075 2659 1243 2729 er'paificaai.
1257 2676 1291 2718 ea

139 2754 176 2800 est
195 2764 253 2815 qao
267 2763 334 2801 acar
346 2754 385 2801 eat
394 2748 544 2801 Liberatus
556 2749 588 2801 ire
602 2748 735 2801 breuiarii
751 2765 834 2817 capp.
849 2753 893 2805 15.
908 2752 952 2812 16,
967 2751 1010 2801 18.
1056 2748 1173 2802 Praeter
1187 2748 1292 2802 codices

139 2835 215 2905 υβδρ
231 2834 273 2904 (p³
291 2836 404 2904 aepleaa',
424 2836 492 2905 qaia
510 2844 598 2890 uetere
616 2838 756 2905 scriptura
770 2854 803 2890 ce
818 2853 923 2905 mappa
937 2844 1022 2906 parte
1040 2853 1122 2890 erasa
1140 2836 1291 2904 additoque

139 2926 222 2978 etiam
240 2926 316 2979 acrio
328 2926 403 2993 solio
422 2928 628 2980 contaminatas
656 2932 695 2979 est
724 2926 886 2980 iectionibae
912 2927 1021 2993 soranae
1040 2926 1175 2994 loapiorie
1192 2925 1236 2991 a),
1258 2926 1290 2979 cle

137 3014 238 3083 paribus
256 3013 321 3067 aide
339 3030 410 3083 qaae
427 3015 584 3083 Appendici
601 3016 623 3069 Ι
637 3014 796 3077 θιιὺηοίαιιὶ,
815 3016 950 3082 epitomen
966 3020 1151 3068 emerserant
1169 3015 1292 3067 coliecho

137 3104 241 3157 codicia
268 3102 419 3157 Colbertiai
441 3104 527 3157 Paris
551 3104 599 3158 iat.
626 3106 711 3164 1455,
731 3120 802 3171 qaae
822 3110 913 3157 tamea
932 3118 965 3157 ea
983 3104 1141 3157 collectione
1162 3102 1289 3170 (iacinct-

137 3193 220 3247 liaaa
239 3209 300 3246 cam
315 3192 462 3261 desumpsit
477 3193 524 3259 (cf.
536 3193 679 3253 Macareo.
694 3193 788 3246 Garat.
800 3192 826 3245 ri.
840 3192 954 3262 Qaeiiea
972 3192 993 3244 Ι
1000 3208 1029 3260 p.
1048 3194 1107 3244 537
1119 3194 1182 3258 aa),
1197 3196 1222 3244 ct
1236 3191 1290 3244 col-

136 3282 219 3335 lectio
239 3300 271 3340 ω,
289 3298 373 3350 qaam
391 3282 561 3336 Maasaerms
580 3282 615 3347 (I
626 3298 655 3350 p.
674 3285 739 3349 512)
761 3281 918 3349 adpellaait
936 3280 1039 3334 codicia
1060 3280 1194 3333 Uaticani
1213 3281 1290 3344 (corr-

135 3371 206 3424 talc':
227 3374 262 3421 ωι
281 3395 315 3415 =
340 3370 429 3425 Uatia.
451 3371 499 3426 lat.
528 3374 600 3424 1342
621 3388 692 3424 saec.
711 3372 767 3430 IX,
788 3370 823 3422 or²
842 3395 875 3415 =
894 3370 1042 3424 Barberin.
1063 3368 1141 3421 XIV
1166 3371 1202 3420 52
1220 3383 1290 3420 saec.

134 3460 190 3527 IX,
213 3458 249 3511 ω8
269 3484 302 3505 =
321 3460 456 3515 Laureat.
483 3460 548 3513 bibl.
574 3460 656 3514 aedil.
681 3460 806 3513 Floreat.
832 3464 870 3513 82
892 3474 963 3513 saec.
987 3459 1039 3524 X).
1130 3456 1290 3510 Ediderarat

132 3548 209 3601 hanc
233 3548 368 3615 epitomen
392 3548 503 3611 Suriae,
527 3555 589 3603 tora.
610 3550 647 3603 ΙΙ
665 3550 760 3604 concil.
775 3566 806 3618 p.
825 3552 894 3616 217,-
911 3548 1020 3601 Baiter.
1038 3548 1097 3601 III
1113 3550 1191 3612 30&
1213 3545 1297 3598 Thial-

135 3638 203 3689 522.
263 3636 280 3689 2
303 3636 404 3707 Incipit
427 3648 489 3701 (aar.
516 3639 557 3707 βδ)
581 3640 745 3693 narrationis
775 3638 859 3693 ordo.
877 3680 882 3691 .
898 3636 1073 3691 Alexandrini
1097 3635 1159 3705 liin:
1183 3650 1234 3687 orn.
1260 3633 1291 3703 Q.

132 3722 239 3794 Incipit
258 3724 304 3777 ubi
324 3725 459 3780 occiditur
471 3727 611 3780 Proterius
631 3728 774 3797 episcopus
787 3725 985 3780 Alexandrinus
1000 3745 1022 3776 ω
1059 3724 1075 3776 3
1091 3722 1235 3792 dyoscorus
1249 3722 1292 3791 nQ

132 3816 179 3883 qui
199 3830 298 3868 omnes
313 3815 417 3871 codices
453 3818 469 3869 4
485 3815 624 3885 euthyceti
638 3816 674 3884 p1.
695 3816 814 3885 eutyceti
828 3818 864 3884 pt
884 3814 997 3883 eutyciti
1011 3811 1055 3882 βὸ,
1071 3811 1200 3865 euticheti
1211 3808 1291 3868 or¹or².

131 3903 251 3957 euticeti
271 3902 306 3955 or³
378 3904 593 3959 bdamnauerat
614 3905 698 3973 culpo
772 3903 999 3958 6calchedonam
1020 3902 1050 3972 Q.
1077 3900 1249 3954 calcedonem
1270 3898 1293 3965 i,

131 3992 304 4047 calcidonanr
325 3990 368 4052 ur¹,
393 3991 571 4045 calcidoniam
590 3989 625 4044 or²
714 3995 770 4045 tarn
795 3990 861 4044 add.
880 3990 909 4058 ς’
932 4006 1006 4043 man.
1027 3992 1047 4042 2
1065 3994 1091 4042 et
1109 3986 1145 4038 ω3
1162 4004 1237 4041 mara.
1258 3992 1294 4041 2.·

129 4098 182 4137 om.
204 4082 226 4131 Σ
292 4080 454 4134 8sacerdus
479 4081 495 4149 β
558 4081 591 4133 10
611 4079 734 4149 dyoscori
753 4081 798 4147 oq¹
859 4079 891 4131 16
910 4078 1027 4147 paschae
1045 4075 1105 4145 p¹q²
1122 4092 1198 4129 marr.
1220 4080 1240 4128 2
1259 4073 1294 4126 ori

129 4188 208 4226 man.
228 4174 262 4224 2.·
279 4168 381 4238 pascha
400 4166 478 4237 libna?
497 4185 572 4221 marr.
590 4174 602 4221 t
621 4167 691 4221 ωῑω3
709 4185 784 4222 marr.
800 4175 824 4226 1.
843 4184 924 4237 pasca
944 4164 979 4217 ω’
1053 4167 1084 4218 17
1106 4163 1238 4218 occiditur
1259 4162 1293 4215 Σι

130 4258 309 4315 concluditur
330 4257 454 4313 Liberat.
481 4258 526 4324 (cs.
552 4256 583 4311 ill
679 4256 712 4309 18
736 4256 890 4309 contulerat
914 4271 947 4308 ec
972 4254 1127 4307 contolerat
1146 4272 1159 4303 υ
1178 4267 1253 4305 man.
1275 4254 1296 4304 2

129 4346 291 4419 supradicto
314 4364 347 4401 aa:
368 4344 539 4415 supradictus
560 4346 599 4415 βᾶ,
619 4346 665 4399 ssd
686 4345 716 4416 Q„
737 4345 956 4414 suprascriptos
