3025 4975
455 445 543 515 Epist
562 444 694 499 CLXXVI
712 447 730 498 4
749 476 783 485 -
804 444 922 499 CLXXX
940 446 966 499 2.
1215 450 1279 513 635

651 640 760 723 (rra.)

179 783 334 829 romeus
364 783 518 829 murman
551 784 696 829 asseras.
743 765 874 829 Litteris
903 765 1124 849 amplitudinis
1152 770 1279 830 uestrae

140 872 287 955 perceptis
312 872 431 956 gratias
455 871 514 936 deo
536 875 644 937 nostro
665 872 703 936 de
724 872 900 937 catholicae
919 871 995 936 fidei
1013 872 1278 956 redintegratione

139 980 344 1059 persoluimns
374 981 532 1059 optantes,
560 982 598 1042 ut
620 978 689 1061 ipse
716 978 834 1043 uestris
866 979 1012 1043 sensibus
1041 998 1097 1063 pro
1125 979 1279 1062 religione

114 1104 200 1163 esua,
220 1084 305 1167 quod
324 1084 492 1160 concessit,
511 1084 607 1169 longa
626 1086 731 1149 aetate
750 1103 937 1149 conseruare
957 1085 1106 1168 dignetur
1124 1084 1277 1161 studium,

139 1195 171 1256 ut
191 1192 275 1257 sicut
296 1211 465 1273 personam
483 1194 624 1255 uestram
642 1190 817 1273 imperialis
838 1192 1000 1277 sanguinis
1020 1212 1103 1257 uena
1120 1192 1277 1267 nobilitat,

138 1298 178 1362 ita
207 1298 403 1363 conscientie
428 1298 585 1363 bonorum
613 1299 798 1363 meritorum
830 1298 903 1363 luce
935 1299 1144 1382 praefulgeat.
1195 1298 1278 1363 unde
1303 1290 1322 1351 2

138 1406 306 1470 salutantes
330 1407 421 1470 cultu
444 1408 540 1487 atque
564 1404 803 1470 honorificentia
827 1407 1020 1488 competenti
1043 1406 1217 1488 poscimus,
1241 1409 1279 1469 ut

136 1512 165 1575 in
192 1532 237 1589 eo,
272 1531 338 1594 quo
369 1511 531 1593 coepistis,
564 1531 746 1595 permanere
780 1512 942 1596 proposito
972 1512 1116 1578 debeatis
1145 1515 1177 1577 et
1204 1512 1278 1577 dare

104 1637 125 1675 ιο
138 1638 267 1701 operam,
295 1623 334 1683 ut
356 1618 396 1682 ad
425 1619 572 1684 ellectum
601 1624 735 1684 conatus
763 1622 869 1685 tantae
899 1639 1012 1685 causae
1042 1618 1214 1703 perueniat,
1238 1638 1277 1683 ne

138 1725 257 1808 aliquod
279 1725 312 1790 in
336 1730 500 1807 posterum
528 1745 636 1791 semen
665 1726 763 1791 huius
786 1726 862 1791 mali
886 1729 1056 1803 remaneat,
1085 1726 1168 1791 unde
1190 1730 1277 1809 post·

137 1831 189 1897 bac
210 1834 269 1897 sub
294 1832 436 1915 qualibet
465 1833 630 1898 occasione
653 1833 804 1897 inimicus
833 1831 970 1915 quilibet
991 1832 1064 1897 fidei
1091 1832 1275 1897 reuirescet.

646 2026 755 2110 (180.)

174 2168 326 2215 scansus
361 2170 576 2216 errassemus.
643 2152 820 2233 Postquam
856 2152 934 2215 deus
973 2154 1081 2215 noster
1120 2148 1274 2213 ecclesiae

102 2278 122 2317 ιε
136 2274 204 2319 suae
226 2258 368 2322 membra
390 2258 423 2322 in
445 2276 555 2340 pacem
580 2259 748 2341 pristinam
772 2258 933 2323 redeuntis
957 2257 1120 2336 solidauit‚
1141 2256 1196 2320 diu
1214 2274 1273 2321 uos

136 2362 323 2429 desiderasse
359 2365 533 2441 testamini,
572 2364 656 2447 quod
697 2366 885 2449 prouenisse
927 2364 1101 2448 gaudentes
1142 2365 1176 2427 et
1215 2380 1273 2427 nos

136 2468 254 2550 quidem
275 2469 493 2536 indesinenter
514 2470 656 2536 diuinam
675 2470 878 2536 clementiam
899 2470 1104 2553 deprecamur
1122 2470 1169 2545 ut,
1189 2467 1274 2532 sicut

134 2573 187 2639 has
209 2577 294 2660 regni
317 2576 475 2660 primitias
500 2580 661 2661 gratanter
684 2578 817 2659 accepit,
841 2577 887 2641 ita
910 2576 1005 2641 iidem
1028 2575 1103 2641 boni
1121 2575 1272 2657 principis

135 2683 213 2746 omni
235 2701 361 2767 semper
382 2684 516 2748 adiuuet
537 2684 757 2768 prosperitatis
782 2684 897 2749 effectu
917 2687 949 2748 et
966 2686 1032 2747 tam
1051 2684 1158 2764 ipsum
1177 2700 1272 2763 quam

98 2809 119 2847 s
134 2805 189 2851 nos
222 2809 330 2855 omnes
366 2791 398 2854 in
438 2796 640 2856 sacrosancto
674 2791 839 2875 religionis
878 2809 984 2855 amore
1022 2789 1191 2866 custodiat,
1224 2794 1271 2866 ut,

133 2912 260 2974 quorum
291 2897 370 2962 fides
403 2917 538 2962 errorem
563 2898 722 2982 pessimae
752 2897 960 2963 dissensionis
989 2897 1115 2975 abiecit
1144 2899 1176 2961 et
1203 2897 1273 2961 uita

132 3000 275 3068 interris
303 3005 414 3068 floreat
443 3008 477 3069 et
504 3009 649 3069 aeternae
673 3003 786 3069 salutis
809 3004 1022 3068 remuneratio
1047 3003 1270 3086 subsequatur.

135 3126 209 3173 nuuc
230 3110 332 3195 igitur
353 3129 413 3176 uos
436 3130 561 3193 qnoque
584 3114 662 3175 uota
679 3110 848 3176 nobiscum
868 3111 1052 3194 coniungite
1071 3114 1104 3175 et
1122 3109 1270 3176 omnibus
1294 3099 1314 3161 2

136 3233 152 3277 a
184 3215 238 3282 deo
274 3217 398 3282 uiribus
436 3218 615 3300 implorate,
654 3221 692 3281 ut
723 3219 819 3282 huius
853 3217 1058 3282 correctionis
1092 3217 1269 3299 exemplum

161 3529 224 3587 lta.
269 3529 339 3583 Dae.
358 3535 391 3584 ut
407 3545 447 3598 cp.
467 3531 533 3582 168.
586 3527 661 3583 Eud.
682 3529 746 3583 Car.
766 3527 796 3582 1²
816 3531 891 3597 504;
912 3529 1021 3585 Collect.
1045 3529 1165 3596 Concil.;
1184 3529 1268 3583 ΒΤΑ

129 3615 231 3684 1427;
252 3618 332 3672 Tba'cl
350 3620 420 3682 8833
440 3624 630 3672 commemorat
647 3617 719 3672 Bar.
739 3616 779 3672 ad
797 3635 825 3675 a.
847 3620 908 3685 519,
931 3623 976 3672 77.
1027 3619 1042 3672 3
1061 3618 1214 3688 praeceptis
1235 3618 1266 3680 V,

128 3721 224 3778 occup
283 3707 459 3761 decensibus
482 3707 508 3760 V
579 3707 687 3778 bquod
707 3707 770 3762 edit.
790 3723 860 3776 req:
882 3724 962 3776 quem
984 3706 1010 3759 V
1068 3707 1269 3762 lconscientia

127 3810 158 3849 ec
174 3797 354 3851 conscientiae
374 3797 425 3862 (sic
444 3800 471 3863 α)
492 3811 561 3850 corr.
581 3793 619 3867 9²:
640 3797 807 3850 cousientiae
831 3795 857 3849 V
908 3795 1078 3866 duossimus
1101 3795 1133 3860 V,
1153 3811 1221 3849 corr.
1242 3794 1269 3846 ο2

129 3883 311 3956 9praep0sito
336 3885 367 3949 V,
387 3901 456 3939 corr.
478 3904 491 3956 p

159 3990 225 4046 180.
273 3990 343 4046 Dat.
361 3997 394 4046 ut
411 4007 451 4060 ep.
471 3995 535 4045 168.
589 3991 664 4045 Eud.
688 3991 751 4046 Gar.
770 3990 802 4044 1²
823 3993 896 4058 505‚·
918 3991 1025 4045 Collect.
1048 3990 1167 4056 Concil.;
1185 3991 1268 4044 BTA

129 4076 147 4129 1
162 4081 231 4146 42&
252 4079 333 4134 Putet
351 4083 427 4147 883,-
444 4086 636 4134 commemorat
648 4079 720 4135 Bar.
740 4080 781 4134 ad
799 4097 826 4134 u.
848 4082 911 4142 519,
929 4084 974 4136 77.
1014 4081 1046 4133 14
1064 4095 1215 4132 nosursunn
1236 4079 1266 4142 V,

130 4180 223 4220 borao
315 4169 348 4222 16
370 4168 510 4222 testamini
532 4167 610 4225 Bure.
638 4168 740 4224 Taum:
764 4169 905 4222 sanamini
928 4168 955 4220 V
1041 4166 1167 4237 gaudetis
1190 4167 1266 4222 Bull.

134 4252 211 4312 Your.
280 4258 314 4312 19
333 4257 459 4311 ellectum
482 4257 514 4320 V,
538 4273 640 4312 como
714 4259 747 4311 21
768 4257 884 4312 abiectit
906 4257 937 4320 V.
958 4273 1060 4312 cerco
1150 4257 1208 4309 uita
1228 4255 1265 4326 9²:

133 4343 259 4400 niraV
309 4347 346 4400 23
363 4345 504 4400 nobiscnm
523 4344 563 4398 0²:
582 4345 715 4401 nobilium
739 4345 765 4398 V
817 4346 853 4399 24
872 4345 977 4400 utribus
1001 4345 1034 4408 V,
1053 4361 1122 4400 corr.
1142 4343 1169 4396 ο2
