3025 4975
237 454 301 516 794
725 445 897 516 Appendices

182 643 384 711 lloffensus
415 643 537 708 addidit
566 643 662 707 etiarn
690 642 828 706 Aeacius
856 642 912 705 illo
942 645 1094 724 tempore,
1124 660 1185 722 quo
1215 641 1253 705 de
1285 641 1381 705 Petro

233 750 441 816 Alexandrino
485 749 632 814 damnato
674 749 795 824 retulit,
834 749 929 813 etiam
967 748 1005 812 de
1041 749 1136 812 Petro
1174 753 1207 812 et
1243 749 1382 813 Iohanne

233 857 447 934 Antiochen03
495 857 541 921 sio
587 856 732 938 scripsit:
774 856 905 919 Petrum
947 855 1031 938 apud
1073 855 1382 936 Constantinopolim

233 963 463 1028 monasterium
496 963 688 1046 gubernasse
722 961 779 1026 sed
811 960 871 1026 hoc
904 965 1034 1044 propter
1065 961 1198 1025 crimina
1230 961 1382 1026 derelicto

233 1070 434 1134 Antiochiam
458 1070 592 1154 fugisse,
617 1069 661 1133 ibi
684 1069 779 1151 pulso
802 1068 954 1152 Martyrio
979 1069 1136 1133 catholico
1156 1068 1306 1151 episeopo
1326 1088 1384 1152 per
1414 1089 1428 1128 s

233 1177 427 1240 uilissimum
465 1176 620 1259 populum
659 1185 691 1241 et
722 1177 897 1240 haereticos
931 1176 1038 1240 sedem
1071 1176 1173 1257 ipsius
1207 1194 1384 1258 occupasse

234 1283 448 1366 continuoque
472 1283 656 1348 damnatum
681 1283 719 1347 ab
740 1283 899 1366 episcopis
919 1285 1014 1365 atquo
1034 1303 1052 1346 a
1075 1283 1173 1347 Leone
1192 1283 1384 1363 imperatore

181 1388 349 1457 rabasam
378 1388 588 1472 deportatum.
619 1389 674 1470 qui
700 1389 829 1472 fugiens
856 1389 978 1453 redisse
1006 1389 1124 1453 dicitur
1156 1389 1384 1455 Constantino·

232 1495 331 1578 polim
370 1499 401 1560 et
438 1495 564 1560 dedisse
596 1496 702 1570 tidem,
736 1500 773 1560 ut
805 1515 862 1578 par
893 1495 1069 1559 bilissimas
1102 1497 1238 1561 ulterius
1270 1497 1385 1562 turbas

232 1603 313 1666 nihil
336 1602 438 1667 facero
463 1601 603 1680 auderet,
628 1603 695 1680 sed,
721 1604 807 1667 sicut
833 1604 980 1685 superius
1004 1602 1124 1666 dictum
1150 1607 1209 1679 est,
1232 1603 1387 1667 Basilisci
1403 1623 1427 1660 ιο

232 1695 429 1792 temporibus
459 1728 477 1772 a
504 1709 671 1774 Timotheo
699 1710 755 1775 illo
790 1710 948 1786 damnato,
983 1709 1039 1792 qui
1072 1708 1386 1793 Constantinopolim

231 1819 370 1892 uenerat,
395 1814 434 1878 ad
457 1816 657 1880 Antiochiam
681 1816 846 1894 remissus,
870 1815 1047 1880 utiterum
1070 1816 1137 1880 illic
1161 1816 1386 1898 episcopatum

231 1925 361 1987 teneret.
383 1941 444 2004 quo
464 1921 549 1986 facto
568 1922 652 1986 idem
672 1922 742 2005 ipse
761 1921 876 1986 Petrus
896 1923 1079 1998 Iohannem,
1100 1922 1214 2004 dequo
1229 1924 1387 1988 Acacium

232 2029 369 2093 diximus
393 2029 554 2107 retulisse,
580 2029 704 2094 ordinat
726 2030 898 2111 apamenis
923 2030 1127 2113 episcopum:
1147 2029 1300 2111 aquibus
1320 2049 1386 2095 non

231 2139 379 2218 receptus
408 2135 491 2200 redit
519 2135 722 2201 Antiochiam
751 2139 783 2200 et
810 2137 941 2200 Petrum
970 2136 1172 2219 episcopatus
1205 2137 1256 2200 sui
1289 2138 1387 2220 pellit
1404 2157 1429 2194 ¹⁵

179 2245 396 2311 l3auctorem
431 2246 462 2306 et
493 2241 617 2306 inuadit
651 2241 719 2306 eius
753 2243 931 2307 ecclesiam.
966 2261 1047 2326 qnos
1081 2243 1177 2308 simul
1215 2243 1387 2308 damnatos

231 2350 347 2414 iterum
372 2350 451 2414 dicit
473 2349 609 2414 Acacius
633 2352 746 2431 petens
770 2350 980 2432 apostolicam
1000 2349 1118 2427 sedem,
1138 2353 1185 2428 ut,
1206 2351 1233 2414 si
1253 2350 1389 2416 adeam

234 2457 313 2522 forto
342 2457 558 2541 confugerent,
588 2476 626 2522 ne
654 2457 724 2539 ipso
754 2456 882 2539 quidem
912 2455 1000 2540 digni
1027 2456 1219 2522 haberentur
1247 2462 1387 2540 aspectu

233 2566 273 2640 et,
299 2564 325 2627 si
348 2564 412 2627 iam
437 2564 575 2647 aliquam
599 2564 831 2648 indulgentiam
851 2564 985 2629 forsitan
1003 2564 1239 2647 impetrassent,
1259 2565 1386 2630 irritam

232 2690 302 2733 csse
331 2669 443 2733 debere
472 2688 529 2733 uec
558 2689 668 2733 corum
696 2669 920 2752 paenitentiam
949 2668 1162 2752 recipiendam
1192 2690 1273 2737 csse.
1304 2672 1386 2754 qnid
1404 2690 1431 2727 ²⁰

232 2776 356 2843 multa?
393 2777 476 2840 hunc
513 2776 619 2858 ipsum
656 2776 839 2853 Iohannem,
878 2795 972 2858 quem
1009 2777 1146 2841 Aeacius
1179 2796 1252 2841 cum
1284 2778 1387 2845 Petro

234 2882 441 2947 damnauerat
469 2886 501 2947 et
531 2883 597 2947 sine
627 2883 839 2965 paenitentiae
867 2883 1007 2948 remedio
1034 2883 1111 2947 fecit
1139 2884 1176 2946 ab
1205 2886 1387 2965 apostolica

269 3092 413 3145 loffensis
433 3090 464 3157 βδ
519 3090 663 3161 agatiusd
719 3091 885 3161 quoddam
927 3091 1071 3145 2rettalit
1089 3089 1135 3159 oq²
1187 3091 1336 3147 iohannem
1356 3093 1388 3162 q²

232 3186 256 3233 et
275 3186 488 3235 cataractarum
506 3180 571 3249 q¹u³
637 3182 653 3235 3
674 3182 835 3235 anthioceno
856 3178 977 3249 fidnq²m²,
997 3180 1141 3235 athioceno
1160 3182 1196 3250 q¹,
1217 3182 1385 3237 antiocheno

231 3284 264 3322 eac
282 3270 443 3323 antiocheno
458 3268 492 3319 ω8
510 3286 583 3324 orca.
604 3272 624 3323 2
696 3274 763 3340 aput
782 3268 864 3338 Ba²q²
882 3274 908 3322 et
926 3276 992 3323 cale
1009 3286 1079 3324 corr.
1099 3269 1127 3337 p¹
1175 3271 1192 3323 4
1211 3270 1262 3323 hoc
1280 3288 1333 3324 om.
1348 3271 1384 3323 ωι

174 3386 177 3395 v
231 3363 246 3414 b
267 3357 430 3413 anthiociam
451 3356 572 3427 stapam,
593 3359 755 3413 antiochiam
771 3358 799 3426 q¹
812 3358 862 3412 scd
875 3359 1005 3419 ahiman.
1019 3362 1038 3411 2
1051 3360 1082 3411 ia
1095 3375 1163 3421 rua,
1178 3359 1330 3427 antyociarn
1348 3359 1386 3410 ιιι2

231 3448 419 3517 fugissemet
438 3448 466 3516 q¹
485 3464 559 3502 maa.
580 3450 608 3501 2:
627 3448 712 3501 fuisse
733 3446 804 3516 βδυρ
896 3446 1161 3517 ladqneoq²m¹o²
1251 3464 1338 3500 som.
1360 3469 1383 3498 ω

231 3538 246 3589 9
265 3554 314 3606 per
332 3537 478 3589 bilissimas
497 3536 605 3591 restitui
623 3553 657 3591 eac
674 3536 821 3590 Liberato:
840 3536 932 3605 pulsas
952 3536 981 3599 Σ,
999 3537 1013 3589 l
1030 3553 1139 3606 prorsus
1159 3538 1205 3604 (cf.
1226 3533 1258 3600 Ω)
1277 3553 1383 3605 supra·

229 3626 339 3693 sempsit
357 3624 385 3693 q¹
403 3642 477 3680 maa.
498 3630 518 3679 2
536 3625 632 3694 (pulsis
647 3666 653 3677 .
668 3664 675 3682 .
690 3626 779 3679 turbis
798 3624 908 3692 Sarius)
999 3626 1111 3678 alterins
1130 3622 1163 3695 βδ
1227 3626 1261 3679 10
1279 3625 1318 3678 nil
1340 3626 1385 3696 ορ

232 3713 319 3767 iacere
339 3712 423 3769 cumi
480 3714 513 3767 12
532 3713 696 3767 anthiociam
717 3712 784 3783 βυρ,
805 3713 925 3766 anthioci
944 3717 986 3775 rol,
1006 3714 1157 3782 antyociam
1177 3711 1212 3763 ω2
1282 3716 1383 3767 rearis·

230 3819 275 3854 sus
306 3800 400 3870 βυωρε
426 3803 568 3855 remissurn
594 3800 615 3865 δ,
642 3802 770 3855 remissus
796 3805 838 3854 est
862 3801 890 3869 p¹
915 3818 989 3855 maa.
1015 3806 1043 3863 2,
1068 3801 1167 3855 missus
1192 3805 1234 3855 est
1252 3802 1382 3859 laceros

231 3890 404 3944 illicitarum
425 3891 525 3959 trapi
599 3890 821 3961 episcopatum?
877 3892 910 3945 13
930 3890 1002 3959 qnod
1021 3889 1092 3941 ωἰυ2
1148 3891 1182 3944 14
1198 3891 1382 3959 rettulisset,

230 3978 355 4033 retulisse
375 3996 408 4033 ea·
425 3980 564 4033 rettulisse
583 3980 611 4047 ρ*
667 3980 793 4033 ordinata
806 3980 928 4049 pamenis
948 3978 1073 4047 fibu¹q²q¹
1091 3996 1167 4033 mua.
1181 3986 1205 4043 1,
1224 3980 1382 4036 ordinatam

230 4068 369 4138 parnpenis
388 4067 458 4119 oliui
548 4070 731 4138 episcopusin
797 4070 831 4123 15
850 4068 1014 4122 anthiociam
1035 4066 1146 4137 final&
1170 4074 1196 4122 et
1212 4085 1287 4122 maa.
1306 4072 1322 4121 1
1339 4070 1381 4139 q1,

673 4151 684 4175 ,
782 4151 786 4159 ,

236 4184 387 4253 antyociam
407 4182 441 4235 a²
513 4151 922 4255 epmb,op1cl.i[dinrua.)
994 4184 1113 4254 pelletn
1183 4186 1216 4238 16
1235 4202 1287 4253 quo
1307 4184 1380 4254 βᾶς’,

232 4272 304 4341 quod
323 4270 393 4325 ωἳω3
449 4274 481 4327 17
501 4272 568 4327 dicit
587 4290 637 4329 oua.
654 4273 689 4325 ml
743 4291 801 4327 carn
818 4272 851 4327 a:
872 4274 966 4327 eadem
981 4274 1009 4337 Σ,
1030 4271 1142 4327 eandem
1158 4272 1186 4343 pl
1204 4290 1277 4327 anan.
1298 4277 1326 4340 2,
1342 4272 1382 4323 ω8

230 4364 344 4416 υιαη.2
390 4362 423 4416 18
443 4362 616 4433 confugerint
635 4361 666 4431 βδ
726 4361 899 4434 aspectaret
936 4364 970 4416 22
990 4362 1023 4417 ab
1044 4379 1094 4416 om.
1116 4360 1158 4427 mi,
1178 4362 1380 4417 add.mun.2
