3025 4975
507 465 594 535 Epist.
614 461 791 518 ccxxxflll
810 464 906 517 6-12.
1214 466 1278 529 713

138 678 205 723 cum
236 659 360 723 laetitia
386 659 549 734 referetur,
578 677 637 741 pax
666 678 741 722 nero
765 658 797 722 in
821 661 905 722 terra
928 657 1175 734 confirmabitur,
1198 657 1281 721 bona

138 771 240 830 autem
271 767 421 831 uoluntas
449 767 480 829 in
509 765 657 830 fidelibus
687 765 865 830 communis
894 765 1012 830 domini
1046 768 1078 829 et
1109 764 1279 829 saluatoris

136 873 207 938 lesu
232 872 352 938 Christi
377 873 427 938 dei
450 874 551 937 nostri
575 873 678 938 seruis
702 873 863 937 fundetur.
888 872 1027 936 adicient
1045 872 1144 954 igitur
1161 870 1279 936 nostris
1292 869 1333 932 10

136 981 432 1064 supplicationibus,
453 980 659 1063 quodminus
675 980 870 1056 dictumest,
886 979 1042 1042 Iohannes
1058 977 1280 1042 sanctissimus

110 1089 302 1171 aepiscopus
341 1087 634 1169 claudiopolitanae
671 1086 814 1152 ciuitatis
851 1092 959 1150 noster
996 1084 1215 1150 comminister
1249 1087 1281 1147 et

136 1194 341 1258 Heraclianus
356 1194 632 1258 reuerentissimus
648 1194 812 1276 presbyter
831 1195 959 1257 sanctae
976 1191 1106 1256 maioris
1126 1191 1280 1255 ecclesiae

137 1305 165 1365 et
178 1300 379 1364 cohabitator
397 1299 549 1383 praedicti
569 1299 766 1364 sanctissimi
785 1297 1015 1380 archiepiscopi
1034 1301 1067 1361 et
1084 1296 1280 1378 patriarchae

136 1407 299 1490 Epiphanii
320 1409 353 1469 et
367 1404 594 1471 Constantinus
610 1406 660 1469 nir
675 1404 954 1470 reuerentissimus
970 1403 1122 1468 diaconus
1138 1403 1280 1468 eiusdem

137 1517 258 1578 sanctae
288 1511 453 1588 ecclesiae,
484 1511 538 1593 qui
565 1512 785 1595 probationem
813 1511 865 1575 sui
892 1515 997 1574 rectae
1024 1510 1100 1573 fidei
1123 1514 1157 1574 et
1178 1510 1279 1574 bonae

102 1644 121 1680 a
137 1620 311 1685 uoluntatis
350 1619 426 1684 olim
464 1619 525 1696 his,
563 1619 616 1701 qni
649 1637 667 1682 a
699 1621 808 1684 uestra
840 1617 1017 1700 apostolica
1049 1616 1123 1680 sede
1155 1617 1281 1680 fuerant

138 1725 253 1802 directi,
283 1725 409 1791 dedisse
439 1729 684 1808 cognoscuntur,
714 1725 803 1810 digni
826 1729 935 1788 autem
958 1729 991 1789 et
1012 1726 1139 1788 uestrae
1163 1723 1279 1786 saucti-

137 1835 207 1898 tstis
232 1838 265 1897 et
287 1832 522 1898 ministratione
546 1833 634 1914 pacis
660 1835 692 1896 et
714 1833 834 1915 gratiae
859 1831 978 1895 domini
997 1831 1070 1894 lesu
1090 1828 1209 1896 Christi
1229 1828 1279 1892 dei

137 1941 230 2005 nostri
254 1943 287 2004 et
310 1940 462 2005 unitionis
483 1943 663 2004 sanctarum
683 1940 889 2004 eeclesiarum
909 1937 1178 2002 monstrabuntur.
1198 1953 1278 2016 quos
1291 1939 1329 2000 11

139 2045 466 2129 speramuslaetantes
486 2045 518 2110 iu
538 2047 664 2110 domino
686 2050 718 2110 et
735 2065 846 2128 pacem
866 2045 1076 2108 desideratam
1096 2042 1279 2106 nuntiantes

103 2175 121 2211 a
138 2153 171 2218 ad
192 2173 251 2219 nos
277 2153 373 2218 citius
397 2153 514 2217 nestris
539 2153 597 2218 deo
622 2153 856 2224 ama<bi>libns
880 2149 1129 2216 correctionibus
1149 2148 1278 2214 edoctos

136 2279 268 2325 remeare
285 2259 469 2342 dignemini.
484 2279 609 2324 omnem
628 2259 659 2322 in
680 2259 807 2324 Christo
826 2256 1057 2323 fraternitatem
1075 2275 1133 2320 nos
1152 2273 1278 2338 quoqne

138 2369 238 2448 etqui
264 2365 431 2431 nobiscum
456 2368 532 2430 sunt
553 2366 728 2449 plurimum
753 2365 942 2430 salutamus.

176 2494 213 2538 an
239 2493 516 2539 sunscnmnromcs:
1290 2472 1330 2544 12

177 2582 373 2665 Theophilus
398 2580 616 2647 misericordia
639 2580 690 2644 dei
713 2582 882 2663 episcopus
901 2577 1116 2643 Heracliensis
1135 2576 1277 2641 ciuitatis

103 2708 126 2745 a
139 2689 395 2774 metropolitanus
412 2688 615 2753 subscribens
629 2689 662 2752 in
678 2687 884 2771 synodalibus
899 2688 1004 2751 saluto
1019 2706 1077 2750 uos
1093 2684 1124 2747 in
1139 2682 1278 2759 domino,

139 2794 268 2861 domiue.
1166 2850 1169 2855 .

177 2900 352 2965 Basiliscus
390 2899 607 2965 misericordia
645 2899 695 2964 dei
733 2899 903 2981 episcopus
933 2898 1103 2981 Cyzicenos
1135 2895 1278 2961 ciuitat's

138 3007 395 3089 metropolitanus
418 3010 455 3071 ut
479 3026 584 3089 supra.

180 3112 357 3197 Stephanus
376 3113 592 3177 misericordia
611 3112 661 3176 dei
682 3112 852 3195 episcopus
870 3110 1114 3176 Nicomedensis
1135 3108 1277 3173 ciuitatis

101 3222 395 3303 ametropolitanus
419 3222 584 3301 utsupra.

178 3327 283 3391 Esaias
311 3327 531 3392 misericordia
560 3326 610 3391 dei
635 3326 804 3408 episcopus
828 3324 971 3389 Rhodiae
995 3322 1138 3387 ciuitatis
1162 3324 1276 3385 metro·

135 3432 288 3512 politanus
312 3434 350 3496 ut
373 3450 477 3514 supra.

177 3538 364 3603 Anastasius
397 3538 614 3603 misericordia
646 3538 698 3602 dei
731 3538 901 3620 episcopus
938 3535 1095 3599 Nicaenae
1134 3531 1276 3597 ciuitatis

134 3646 395 3727 metropolitanus
419 3648 456 3709 nt
480 3664 584 3727 supra.

172 3941 333 3995 lreleratur
355 3940 387 4005 V,
407 3956 475 3994 corr.
495 3940 565 3993 Bur.
603 3938 899 3992 beonrministratorc
942 3937 1040 3989 9suae
1060 3933 1087 3987 0²
1125 3934 1155 3987 ll
1177 3950 1275 4001 cogno·

134 4029 216 4081 scitur
232 4030 263 4089 V.
282 4046 350 4085 corr.
367 4030 429 4082 Car.
488 4030 521 4082 l‘2
541 4032 568 4080 et
587 4026 822 4080 administratione
844 4026 908 4080 Cur.
963 4024 1066 4077 domini
1079 4023 1195 4076 <nostril
1211 4022 1275 4075 Cor.

136 4119 168 4171 15
187 4118 314 4173 amalibus
338 4118 370 4183 V,
391 4133 459 4171 corr.
479 4136 493 4167 o
532 4116 565 4168 16
584 4115 721 4167 remittere
742 4112 769 4185 p²
805 4115 840 4166 22
858 4112 1005 4181 Cyzicenus
1025 4112 1146 4164 ciuitatis
1164 4110 1275 4178 scripsi:

135 4206 331 4278 quiricinecium
362 4206 392 4269 V,
420 4204 609 4275 Cyzicenorum
637 4203 682 4257 uel
708 4201 921 4271 Cyzicinensium
951 4201 1030 4253 Thiel
1059 4200 1153 4262 (etium
1179 4199 1209 4251 iu
1238 4199 1276 4251 eie

134 4310 203 4362 puae
224 4300 374 4364 separantur
395 4295 570 4357 uocabulum,
590 4293 663 4361 quood
685 4298 724 4345 est
747 4292 876 4354 ciuitatis,
894 4305 998 4357 seraper
1019 4288 1088 4357 cipio
1112 4288 1155 4341 cin
1169 4288 1275 4355 pietatm

135 4389 180 4449 esi)
234 4386 266 4439 26
284 4385 360 4438 rodie
383 4383 411 4436 V
461 4384 496 4437 28
514 4384 609 4437 nicene
633 4381 658 4435 V
