3025 4975
248 402 312 465 652
381 399 533 468 Euphemia
551 397 724 463 Hermisium
742 398 911 468 Epiphanius
932 396 1091 467 Opclitanus
1110 397 1270 452 Hormisdae

767 592 875 679 (194.)

292 740 422 785 suarum
435 740 583 785 accusas
596 739 772 785 ucnmsusu
787 740 903 785 annau.
951 719 1164 785 Beatituclinis
1179 722 1253 784 tuae
1271 720 1395 785 litteras

249 831 338 911 grato
362 827 560 910 iocandoque
584 828 786 909 suscepimus
811 827 925 892 animo.
951 846 1042 909 quem
1069 826 1183 891 etenim
1209 846 1269 890 nen
1290 828 1393 890 solum

249 935 443 1016 apostolieae
472 934 557 997 sedis
586 934 759 998 aucteritas
789 934 928 998 celebrat
956 933 1012 997 sed
1040 933 1126 997 uitae
1155 952 1282 1015 quoque
1311 952 1394 997 coru·
1506 998 1507 1025 1

248 1041 376 1105 mandat
395 1040 561 1125 integritas
582 1043 615 1105 et
632 1040 778 1104 studiosa
796 1044 899 1105 rectae
919 1039 992 1104 fidei
1011 1039 1163 1114 sollertia,
1183 1040 1278 1103 buius
1297 1039 1395 1105 uerba
1423 1067 1434 1103 a

204 1144 222 1205 2
248 1148 320 1230 quis
344 1168 406 1213 non
428 1147 652 1212 libentissimis
681 1148 838 1230 suscipiet
865 1147 1017 1213 auribus?
1045 1147 1144 1231 igitur
1170 1148 1333 1230 poscimus
1358 1166 1395 1211 ac
1506 1150 1507 1153 ’

246 1274 423 1331 monemus,
461 1258 499 1318 ut
530 1254 726 1318 erationibus
764 1255 881 1319 rrestris
914 1274 1086 1335 numquam
1120 1252 1249 1317 excedat
1280 1273 1394 1318 nomen

246 1382 354 1425 meum
370 1380 405 1425 ac
420 1361 588 1443 praecipue
608 1361 804 1426 serenissimi
824 1361 968 1445 coniugis
988 1361 1087 1425 nestri
1107 1360 1163 1425 sed
1182 1366 1247 1424 tarn
1267 1363 1396 1443 utrique

247 1474 390 1532 nostrum
416 1488 510 1549 quarn
529 1468 738 1550 reipublicae
758 1488 928 1551 supernum
949 1468 1096 1549 precibus
1117 1468 1233 1533 uestris
1252 1468 1397 1549 placetur

247 1575 451 1656 praesidium.
1416 1598 1439 1637 ιο
1506 1608 1507 1645 ss

767 1766 875 1848 (rea.)

246 1912 406 1957 ursarius
434 1910 618 1955 uuuaulorus
649 1910 814 1955 ΕΡΙΡΗΑΝΙΙ
838 1910 981 1956 EPISCOPI
1011 1910 1395 1955 ccxsuanuluoPouuaur.

292 2036 493 2080 saucrrssum
518 2035 561 2079 ac
585 2035 770 2079 aarrrrssurc
794 2034 898 2079 neruo
918 2034 1032 2079 suarm
1050 2035 1089 2078 nr
1110 2034 1397 2080 corarursuaarcnr

171 2132 174 2137 '
247 2142 421 2186 ueaursnau
445 2140 635 2185 nerrnsnrus
659 2142 693 2184 ru
716 2141 834 2185 nemun
859 2141 1006 2185 sarturas.
1054 2122 1157 2207 Deus,¹
1177 2122 1231 2203 qui
1253 2122 1289 2186 in
1314 2123 1396 2187 alto

248 2228 397 2292 habitat
420 2232 456 2291 et
479 2228 642 2292 humilia
664 2229 827 2309 respicit
850 2232 882 2293 et
906 2230 1011 2293 omnia
1029 2248 1085 2313 prc
1106 2232 1208 2293 salute
1228 2228 1399 2293 hominum
1419 2258 1443 2295 a

248 2336 415 2399 affluenter
445 2334 600 2417 procidet,
633 2355 688 2418 pro
722 2355 781 2399 sua
813 2336 954 2400 bonitate
983 2340 1015 2399 et
1042 2335 1257 2401 misericordia
1289 2356 1397 2401 meam

249 2442 385 2525 respexit
402 2442 593 2523 paruitatem
612 2444 736 2524 etpost
755 2443 876 2507 obitum
897 2446 1024 2507 sanctae
1044 2442 1214 2507 merrrcriae
1234 2443 1399 2524 quondam

248 2550 477 2632 archiepiscopi
515 2554 547 2613 et
584 2551 779 2632 patriarchae
821 2550 970 2615 lobannis
1012 2550 1121 2614 sedem
1162 2550 1399 2616 sacerdotalem

246 2658 373 2720 sanctae
393 2657 546 2720 ecclesiae
565 2657 740 2721 catholicae
759 2658 864 2738 regiae
883 2657 971 2722 urbis
990 2658 1069 2721 mibi
1089 2657 1227 2722 conferre
1243 2657 1399 2740 diguatus
1506 2737 1507 2740 Ἴ

247 2767 296 2826 est
315 2762 472 2827 sententia
495 2767 527 2826 et
545 2762 699 2826 electione
715 2763 979 2828 Christianissimi
999 2768 1031 2827 et
1049 2763 1221 2828 iustissimi
1240 2765 1400 2848 principis
1420 2793 1446 2830 20
1506 2813 1507 2852 p

246 2871 344 2933 nestri
368 2871 483 2934 Iustini
507 2873 540 2934 et
562 2871 724 2952 piissimae
746 2871 885 2954 reginae,
911 2891 989 2952 quae
1015 2873 1043 2936 ei
1068 2871 1106 2936 ad
1131 2890 1222 2936 omne
1247 2871 1399 2936 studium

246 2977 459 3040 communicat
481 2977 636 3054 diuinum,
666 2978 928 3061 sequentiumque
958 2998 1076 3043 eorum.
1106 2978 1166 3054 bis,
1196 2977 1316 3060 quibus
1348 2982 1403 3042 est

245 3083 328 3146 bona
360 3083 558 3148 conuersatio
592 3085 624 3147 et
656 3085 711 3164 qui
743 3083 839 3168 regiis
868 3085 1037 3149 honoribus
1071 3089 1146 3150 sunt
1174 3084 1398 3163 sublimiores

245 3189 343 3252 simul
375 3191 407 3252 et
439 3191 637 3254 sacerdotum
667 3193 699 3253 et
726 3191 954 3256 monachorum
986 3196 1018 3255 ct
1050 3192 1253 3257 fidelissimae
1288 3192 1402 3273 plebis

202 3298 220 3358 2
245 3315 418 3360 consensus
443 3295 580 3359 accessit
615 3301 806 3379 quapropter
828 3299 1041 3362 necessarium
1066 3297 1138 3362 duxi
1161 3297 1221 3361 hec
1248 3297 1401 3378 primum
1424 3331 1451 3368 ss
1506 3283 1507 3338 Ῐ

245 3403 398 3467 indicium
422 3403 502 3466 meis
526 3403 642 3467 litteris
666 3404 813 3477 inserere,
839 3408 875 3469 ut
907 3404 1071 3470 ostendam
1105 3423 1199 3486 quam
1227 3402 1314 3467 eirca
1346 3423 1404 3470 uc·
1506 3403 1507 3456 ἒ

202 3513 221 3574 3
249 3513 345 3574 stram
372 3509 579 3591 apostolicam
602 3510 711 3573 sedem
736 3511 836 3576 habeo
861 3512 1070 3576 uoluntatem,
1114 3513 1163 3575 est
1185 3509 1264 3574 mihi
1292 3511 1404 3575 oratic
1506 3537 1507 3582 ς

245 3635 445 3698 magnopere,
483 3615 677 3695 beatissime,
711 3617 795 3681 uniri
827 3638 876 3682 me
910 3618 1002 3683 uobis
1036 3621 1068 3681 et
1101 3617 1208 3682 diuina
1241 3617 1407 3700 amplecti
1506 3647 1507 3688 ς

336 3773 369 3825 14
388 3772 487 3824 Psalm.
509 3771 568 3834 137,
588 3773 604 3824 6

281 3879 350 3932 194.
397 3879 466 3931 Dat.
486 3885 516 3931 art
536 3895 575 3946 cp.
595 3883 657 3931 192.
713 3879 1291 3948 Edu.0ar.1²535;00uecr.coneil.;
1319 3883 1409 3938 Tbiel

248 3970 309 4020 919.
367 3954 459 4022 usit
481 3969 507 4021 V
558 3967 777 4022 teaelebratV
832 3971 1019 4024 9n0strcrnm
1044 3971 1073 4034 V,
1095 3986 1163 4024 corr.
1187 3969 1268 4022 Tirici

280 4057 349 4110 lut.
405 4058 473 4111 Det.
493 4065 524 4113 ut
542 4077 582 4128 ep.
602 4062 665 4112 192.
738 4059 812 4112 Eud.
836 4059 899 4113 Car.
920 4058 950 4112 1²
971 4063 1039 4124 541‚·
1057 4059 1126 4114 Bar.
1148 4059 1186 4110 ari
1205 4075 1231 4109 a.
1254 4061 1327 4126 520,
1351 4066 1412 4130 30,-

247 4147 354 4200 Coliect.
383 4147 501 4214 Concil.‚·
527 4149 606 4201 Tbiel
628 4151 695 4202 923.
789 4150 821 4202 12
844 4165 1001 4202 nasamonas
1023 4166 1051 4200 a:
1076 4163 1232 4200 nsaarrcars
1258 4163 1356 4204 urnas
1385 4153 1413 4203 V

245 4233 277 4286 15
297 4233 423 4286 humiliat
447 4234 477 4298 V,
498 4251 600 4288 corae
691 4237 725 4288 20
744 4237 879 4305 sententie
903 4235 934 4298 V,
954 4251 1056 4289 corae
1148 4235 1182 4288 26
1201 4239 1232 4287 ut
1251 4233 1295 4290 0²:
1325 4243 1359 4294 et
1385 4241 1413 4296 V

244 4324 277 4375 27
297 4324 367 4375 ratic
387 4323 457 4376 Bar.
476 4324 573 4376 reiecto
594 4325 680 4377 oratio
698 4325 730 4376 irs
748 4325 899 4393 ruurpinem
