3025 4975
225 438 289 501 766
394 434 561 504 Epiphanius
581 433 797 488 Constantiensis
817 433 849 487 de
868 434 921 486 ΧΠ
939 434 1053 504 gemmis
1072 435 1214 488 rationalis

225 631 303 693 tene
333 628 502 693 admodum
532 628 652 691 relatus
681 629 731 692 est
760 626 934 709 onychinus
958 627 1040 709 lapis
1064 627 1096 692 in
1119 628 1294 706 Beniamin,
1318 630 1374 711 qui

224 737 256 800 in
299 737 357 800 liae
399 735 607 816 dispositione
645 737 717 797 ante
754 733 871 816 loseph
909 736 1094 798 numeratus
1133 739 1192 813 est,
1230 735 1374 819 beryllus

226 847 332 907 autem
365 842 395 905 in
428 841 544 922 Ioseph
578 840 837 905 accommodatus
870 841 910 904 ob
948 841 1231 923 contemplationes
1270 843 1374 906 eidem

226 951 444 1022 consonantes,
474 947 620 1030 quamuis
651 947 786 1011 ultimus
810 947 892 1029 lapis
915 947 985 1028 ipse
1010 952 1204 1026 numeretur,
1229 949 1304 1030 quia
1328 949 1376 1013 sic

226 1055 343 1120 accidit
366 1057 398 1118 et
421 1055 537 1134 loseph
562 1054 775 1118 nouissimum
799 1053 905 1130 scribi,
930 1053 1014 1118 sicut
1037 1054 1218 1135 frequenter
1240 1056 1374 1120 asserui.
1411 1077 1423 1116 s

171 1170 213 1232 80
270 1161 549 1244 Transgredientes
592 1160 689 1242 igitur
737 1164 769 1224 et
813 1161 894 1224 hanc
940 1159 1130 1224 diuisionem
1175 1163 1376 1244 respeximus

227 1269 467 1351 dispositionem
493 1269 614 1330 sertam
638 1267 726 1330 iuxta
751 1266 1069 1338 di<uu>meratarum
1093 1268 1237 1332 tribuum
1266 1287 1377 1332 conse-

226 1375 388 1457 quentiam
420 1377 452 1437 et
483 1375 664 1438 inuenimus
698 1374 787 1437 iuxta
819 1375 1023 1438 metationem
1061 1378 1238 1439 castrorum
1275 1375 1377 1439 lsrael

224 1482 368 1564 quadrati
387 1480 522 1564 agminis
543 1479 683 1544 ordinem
703 1479 806 1562 magis
827 1482 970 1563 oportere
990 1493 1205 1564 congrue<re>
1229 1482 1377 1545 rationali

224 1591 312 1652 iurta
344 1591 448 1651 ternas
482 1589 513 1650 et
546 1589 651 1650 ternas
685 1586 800 1662 tribus,
834 1586 918 1650 sicut
949 1587 981 1650 in
1010 1588 1121 1652 eodem
1149 1587 1295 1651 rationali
1324 1589 1375 1652 fas
1396 1615 1421 1652 ro

224 1699 290 1758 erat
318 1711 453 1768 cernere,
484 1693 568 1774 quod
598 1693 743 1774 quadrati
773 1693 891 1757 ordinis
917 1693 1070 1776 probatur
1093 1698 1225 1768 exstare,
1251 1697 1283 1757 et
1306 1701 1376 1759 erat

222 1803 282 1866 hoc
314 1799 537 1882 planissimum
571 1802 666 1880 atque
700 1799 924 1882 symbolicum,
958 1801 990 1864 id
1023 1803 1072 1864 est
1109 1799 1375 1884 significatiuum;

223 1911 351 1991 propter
388 1906 613 1988 dispositiones
653 1906 798 1970 ordinum
840 1907 1142 1988 consonantiamque
1185 1913 1373 1972 castrorum.

170 2015 209 2076 81
225 2015 280 2078 sed
303 2014 334 2076 iu
359 2013 409 2076 his
434 2015 579 2094 separata
602 2013 715 2084 tribus,
740 2012 844 2077 tribus
867 2013 957 2080 Leni.
983 2013 1073 2078 nobis
1098 2014 1235 2079 obstitit.
1255 2014 1373 2078 eonsti-

224 2123 314 2184 tutus
344 2123 394 2183 est
422 2119 504 2182 enim
534 2119 630 2182 ludas
659 2119 778 2184 habens
809 2138 918 2183 secam
946 2121 1075 2184 isachar
1103 2124 1135 2184 et
1168 2122 1305 2185 Zabulon
1340 2122 1373 2184 iu
1394 2147 1420 2184 rs

223 2247 284 2290 uno
321 2226 505 2290 metationis
544 2226 762 2302 contubernio,
799 2230 832 2289 et
869 2227 1063 2291 constitutus
1096 2230 1146 2290 est
1176 2228 1299 2310 primns
1332 2228 1373 2292 ad

223 2333 407 2396 orientalem
438 2333 566 2415 plagam
595 2335 722 2414 propter
750 2331 1006 2414 significantiam,
1036 2336 1073 2395 ut
1096 2334 1240 2410 aestimo,
1266 2334 1372 2416 regiae

222 2440 392 2520 potestatis
427 2442 458 2502 et
490 2438 575 2520 qnod
609 2438 720 2503 Ruben
755 2457 773 2501 a
805 2438 931 2521 propn'a
962 2439 1110 2504 reciderit
1147 2439 1257 2523 gloria,
1296 2441 1373 2522 quia

224 2550 359 2610 stratum
392 2546 602 2609 maculauerit
634 2545 744 2627 patris.
778 2546 873 2609 sicuti
908 2545 1026 2609 diuinis
1064 2547 1180 2611 litteris
1217 2548 1372 2628 probatur

168 2658 211 2720 82
223 2653 386 2717 insertum.
408 2653 439 2715 in
456 2652 594 2715 secunda
611 2670 686 2715 uero
702 2652 875 2715 metatione
890 2654 1066 2715 castrorum
1081 2653 1191 2718 Ruten
1208 2654 1373 2717 ordinatur
1389 2684 1417 2719 a.

223 2779 294 2823 crim
321 2758 466 2823 Simeone
491 2760 522 2823 et
546 2758 614 2822 Gad
639 2776 752 2822 uersus
777 2758 816 2821 ad
839 2778 935 2834 mare,
960 2758 1000 2821 ad
1023 2760 1217 2823 occidentem
1243 2778 1371 2841 quoque

221 2866 356 2948 Ephrem
386 2885 459 2929 cum
488 2865 636 2929 Manasse
665 2868 696 2928 et
720 2865 896 2941 Beniamin,
921 2866 976 2947 qui
1001 2884 1109 2931 omnes
1134 2885 1169 2929 er
1192 2866 1314 2930 ltaohel
1338 2867 1370 2929 in

221 2992 284 3036 una
311 2977 471 3054 ponuntur
499 2972 671 3037 metatione
701 2974 895 3047 castrorum;
929 2975 1058 3053 propter
1088 2972 1257 3036 Manassen
1292 2992 1370 3037 uero

222 3079 299 3142 Leni
322 3078 449 3143 uidetur
468 3081 627 3143 exclusus.
648 3077 716 3141 dein
738 3078 777 3141 ad
797 3078 974 3160 aquilonem
997 3081 1141 3159 quartam
1160 3078 1368 3143 metationem

219 3185 368 3267 primitus
388 3186 455 3249 Dan
476 3185 626 3259 continet,
647 3184 716 3248 dein
736 3185 824 3260 Aser,
846 3184 957 3248 deinde
976 3184 1147 3268 Neptalim
1167 3186 1200 3247 et
1217 3186 1367 3267 quoniam
1385 3210 1414 3250 ss

220 3292 298 3355 Leui
330 3312 390 3357 non
422 3292 603 3356 inuenimus
637 3291 717 3354 inter
750 3309 804 3354 eos
838 3291 1035 3367 ammixtum,
1068 3291 1278 3374 cognouimus
1307 3311 1367 3358 neo

219 3398 313 3462 istam
343 3418 436 3481 posse
466 3398 711 3481 descriptionem
741 3397 965 3478 compositioni
993 3398 1136 3480 lapidum
1159 3398 1364 3473 corrrmodari

220 3524 257 3568 ne
281 3504 428 3568 uideatur
452 3505 479 3567 ei
504 3504 639 3568 filiorum
664 3504 763 3567 lsrael
786 3523 886 3568 uuum
907 3503 1074 3577 <de>esse
1096 3503 1300 3569 uocabulum.

165 3618 208 3679 83
264 3608 462 3692 Quapropter
481 3612 512 3673 et
529 3610 609 3674 hanc
624 3610 807 3674 omittentes
823 3609 1016 3673 intendimus
1032 3609 1182 3674 diuisioni
1198 3612 1361 3693 septimae.

220 3736 315 3797 quarn
337 3717 481 3799 protinus
506 3716 692 3794 ademimus,
718 3716 793 3798 quia
816 3735 876 3780 non
901 3735 970 3779 eam
988 3714 1185 3797 repperimus
1205 3718 1361 3798 composi·
1379 3744 1410 3783 a.

310 3907 341 3959 is
362 3906 394 3960 ar.
415 3906 480 3959 cea
499 3908 543 3970 so,
562 3907 579 3959 4
600 3908 651 3973 (35.
672 3908 716 3971 aa)

256 4080 437 4134 lammodum
455 4081 481 4134 V
516 4080 738 4135 ldimeratarum
762 4082 793 4146 V,
813 4099 881 4135 corr.
901 4082 988 4151 Fopp.
1025 4086 1177 4152 teongrue
1192 4098 1261 4136 corr.
1278 4082 1358 4151 sopp.

219 4170 251 4223 19
271 4170 342 4223 sicut
360 4170 445 4238 Fopp.
499 4171 534 4223 25
553 4171 675 4240 neptalin
701 4170 723 4221 V
795 4172 924 4239 quoniam
947 4172 982 4224 V:
1002 4188 1064 4225 enm
1079 4172 1168 4240 Fopp.
1221 4173 1257 4224 ‘26
1276 4173 1357 4225 aruir·

215 4256 324 4311 tumV
388 4260 420 4311 27
441 4259 635 4313 acconnnodari
656 4262 741 4328 rope.
811 4261 845 4313 28
865 4259 957 4313 deesse
977 4260 1072 4329 Foypn
1093 4260 1202 4315 essel'
1271 4262 1305 4314 30
1325 4258 1359 4313 ad

217 4348 330 4400 erriirnus
354 4346 380 4399 V
449 4350 613 4418 respeximus
633 4349 715 4418 Fopp.
