3025 4975
230 426 294 491 536
374 422 520 477 Hormisda
536 420 650 475 Iohanni
669 419 873 489 Nicopolitan03
893 418 1053 472 Anastasius
1072 415 1233 472 Hormisdae

228 621 298 683 rent
329 618 414 683 uiam
447 617 598 695 iustitiae,
628 634 722 697 qnam
751 617 979 697 cognoscentes
1011 617 1183 677 retrorsum
1211 610 1331 675 reflecti
1361 630 1379 675 a

228 724 345 789 tradito
380 724 441 788 sibi
474 728 583 787 sancto
616 721 777 786 mandato.
813 720 845 784 in
878 725 985 803 aperto
1019 723 1078 798 est,
1112 737 1174 802 qua
1204 718 1380 799 pertinacia

228 830 364 895 traditae
396 829 470 894 fidei
503 830 617 893 debeat
645 828 824 894 constantia
852 827 1016 900 custodiri,
1045 826 1074 891 si
1100 825 1299 891 tolerabilius
1328 829 1380 889 est

228 938 261 1001 in
286 956 386 1003 errore
410 938 580 1021 persistere
608 955 702 1020 quam
726 934 1033 1017 coinquinationibus
1056 952 1178 1009 rursus,
1202 951 1280 1016 qaas
1305 932 1379 1015 quis

229 1045 357 1129 fugerit,
386 1044 552 1127 implicari.
612 1044 695 1108 Data
722 1043 823 1125 pridie
844 1042 923 1106 Idus
945 1040 1045 1124 April.
1070 1041 1208 1125 Agapito
1236 1058 1323 1104 cons.
1411 1061 1424 1101 s

748 1234 857 1319 (124.)

274 1380 430 1425 uonmsns
467 1380 600 1425 lonssur
636 1380 786 1425 sersooro
823 1379 1065 1424 mcororrraso.
1110 1378 1171 1423 rsa
1206 1377 1380 1422 sannorum

229 1486 458 1534 sosorsoomu.
526 1467 700 1532 Remeante
722 1465 869 1530 Pullione
897 1465 1090 1531 subdiacono
1118 1468 1226 1529 nostro
1253 1465 1380 1528 litteras

229 1574 370 1640 caritatis
400 1577 526 1637 uestrae
555 1572 755 1654 suscepimus
781 1571 818 1636 de
843 1572 1023 1637 constantia
1044 1570 1119 1635 fidei
1141 1571 1193 1635 uel
1217 1570 1256 1635 de
1277 1570 1380 1635 interr·
1509 1655 1510 1658 Ἴ

228 1682 325 1755 tione,
359 1700 454 1763 quam
492 1680 575 1745 circa
612 1678 864 1744 communionem
901 1676 986 1742 sedis
1024 1676 1217 1760 apostolicae
1254 1677 1379 1759 geritis,
1400 1700 1426 1739 a

230 1788 444 1871 gratulantem
470 1786 525 1850 sed
550 1786 728 1850 contristati
753 1803 876 1862 sumus,
896 1783 981 1866 quod
1000 1803 1058 1849 uos
1078 1784 1200 1865 aliquas
1220 1782 1380 1847 sustinere
1509 1769 1510 1772 ¹

230 1894 394 1958 molestias
414 1892 598 1975 perhibetis.
623 1891 686 1956 ista
704 1896 810 1956 tamen
830 1891 1010 1955 diutnmam
1029 1909 1090 1954 non
1109 1893 1245 1973 possunt
1263 1888 1380 1953 babere

230 2000 454 2077 substantiam,
489 2000 564 2081 quia
596 1999 651 2062 ubi
685 1998 763 2064 deus
796 2016 874 2082 pure
904 1998 1027 2073 colitur,
1056 1997 1118 2062 etsi
1145 1996 1277 2061 aduersa
1306 2016 1381 2061 con·

229 2106 370 2191 tigerint‚
399 2106 432 2170 in
465 2106 623 2189 prosperis
657 2108 894 2170 commutantur
921 2104 1095 2169 secundum
1123 2104 1303 2185 apostolum
1333 2103 1381 2167 di-

185 2213 206 2275 2
231 2216 370 2277 centem:
396 2232 487 2295 spes
512 2231 585 2277 non
611 2212 778 2295 decipit.
818 2211 967 2277 dubitans
990 2210 1207 2293 apostolorum
1230 2209 1427 2292 princepsa

229 2318 377 2384 incedens
400 2338 457 2401 per
478 2320 613 2403 pelagus
636 2318 812 2393 laborauit;
840 2338 913 2383 mor
939 2323 1046 2382 tamen
1073 2318 1221 2383 inuocato
1250 2316 1380 2381 domino

198 2445 287 2492 ·suo
316 2428 461 2509 paratum
490 2426 613 2504 habuit,
642 2426 696 2509 qni
726 2444 799 2490 enm
827 2428 971 2509 porrecta
997 2444 1093 2490 manu
1124 2442 1186 2489 aon
1217 2426 1382 2508 pateretur

229 2533 387 2598 sustinere
397 2533 575 2599 discrimen.
591 2553 665 2617 ergo
681 2537 846 2599 auctorum
861 2536 1041 2598 nostrorum
1055 2533 1222 2614 sequentes
1237 2531 1381 2613 exempla

230 2641 316 2704 etin
342 2640 483 2721 ipsorum
508 2639 569 2704 fide
593 2643 813 2721 permanentes
840 2639 930 2704 illius
957 2657 1127 2722 poscamus
1150 2638 1313 2713 auxilium,
1338 2637 1380 2701 de

231 2766 293 2829 quo
314 2747 469 2829 scriptum
490 2749 555 2810 est:
576 2746 641 2827 qui
663 2765 735 2810 non
754 2765 825 2810 nos
848 2745 1024 2810 dimittit
1043 2747 1237 2828 temptari
1256 2763 1380 2826 super
1397 2772 1427 2812 so

183 2854 331 2935 3quod
365 2871 590 2934 possumus.
660 2853 760 2936 igitur
792 2853 966 2918 salutantes
999 2853 1162 2916 caritatem
1190 2855 1279 2916 tuam
1306 2851 1380 2916 hor·

226 2963 340 3037 tamur,
370 2963 406 3025 ut
434 2959 701 3041 quemadmodum
728 2959 952 3041 praediximus,
979 2956 1012 3023 in
1039 2958 1100 3037 his,
1125 2977 1204 3040 quae
1227 2958 1307 3023 bene
1331 2957 1380 3021 in-

318 3219 351 3272 15
370 3217 446 3274 Rom.
466 3219 491 3282 5,
511 3219 527 3274 5
583 3219 615 3274 15
636 3235 693 3288 sqq,
714 3218 748 3272 cl.
767 3219 868 3274 blattlr.
888 3220 931 3284 14,
950 3218 1055 3274 28-31
1106 3220 1142 3272 20
1162 3217 1223 3274 Cor.
1243 3218 1257 3273 Ι
1277 3220 1318 3285 10,
1341 3219 1376 3273 13

265 3359 276 3412 1
302 3361 453 3412 retroneum
482 3359 513 3423 V,
537 3375 605 3413 corr.
626 3379 643 3411 α
733 3361 749 3414 3
773 3359 954 3413 tollerabilius
977 3360 1003 3412 V
1089 3361 1208 3429 dquam
1227 3378 1254 3412 o:
1275 3376 1329 3429 qua
1352 3359 1382 3412 V

226 3449 243 3502 5
267 3447 393 3516 aprilium
420 3447 447 3501 V
547 3454 613 3517 post
636 3448 744 3502 consule
766 3449 798 3502 ia
820 3451 884 3518 ipsa
908 3450 983 3503 linea
1006 3449 1032 3502 V
1049 3449 1130 3502 addit
1152 3465 1201 3518 per
1223 3448 1378 3503 Pulliouem

226 3536 429 3598 subdiaconum,
453 3537 485 3591 id
507 3538 581 3606 qaod
607 3553 652 3607 epo
675 3543 741 3606 post
770 3539 880 3592 titulum
907 3537 1042 3606 epistulae
1064 3537 1199 3606 sequentis
1226 3537 1314 3603 reieci,
1339 3538 1376 3605 cs.

224 3624 356 3694 Bcitrdpe
374 3626 409 3677 13
426 3641 465 3692 sq.

262 3711 328 3765 124.
401 3710 471 3764 Dat.
491 3729 517 3766 a.
539 3715 593 3765 517
612 3713 656 3766 dic
676 3716 694 3766 3
711 3713 801 3766 Mart.
819 3729 869 3781 per
886 3712 1058 3778 Pontanena,-
1078 3712 1222 3780 respondet
1240 3713 1378 3780 epistulae

225 3799 365 3854 lobannis
388 3799 545 3868 deperditae
562 3817 615 3870 per
637 3801 749 3855 eandem
768 3801 925 3855 Pollionem
947 3801 1029 3855 initio
1053 3801 1172 3855 eiusdem
1191 3801 1263 3855 aaut
1281 3801 1376 3857 datae.

225 3887 300 3943 Edd.
323 3887 387 3942 Car.
406 3887 438 3941 Ρ
458 3892 529 3954 469,·
548 3891 618 3945 Bar.
640 3889 679 3943 ad
698 3907 724 3944 a.
747 3893 809 3951 516,
832 3894 884 3956 66,·
904 3889 1013 3943 Oollcct
1032 3889 1151 3956 Concit5
1167 3890 1251 3943 BTA
1269 3890 1290 3943 I
1307 3893 1378 3956 391,·

230 3976 308 4030 Tbs'cl
329 3978 395 4030 766.
451 3977 466 4030 7
485 3994 533 4047 per
551 3977 702 4032 Pullionem
723 3977 918 4032 subdiaconum
936 3978 989 4032 bac
1006 3979 1087 4033 reieci
1105 3995 1124 4032 a
1142 3979 1168 4032 V
1178 3995 1326 4048 perperam
1345 3982 1378 4035 ia

225 4065 281 4132 fiae
294 4065 484 4133 praecedentes
503 4067 639 4135 epistulae
657 4066 785 4120 additam
853 4068 869 4120 9
889 4067 1018 4120 raritates
1041 4067 1073 4129 V,
1093 4083 1195 4122 como
1265 4070 1377 4123 121110-

226 4153 306 4206 lestia
330 4153 360 4216 V,
380 4169 483 4208 corno
557 4155 684 4209 diuturna
707 4155 733 4208 V
748 4173 824 4210 maa.
842 4172 893 4211 rec.
988 4157 1020 4211 13
1040 4156 1195 4210 substancia
1219 4157 1251 4221 V,
1270 4173 1340 4214 corr.
1361 4180 1376 4211 a

228 4242 261 4294 14
280 4258 408 4312 prospers
426 4242 496 4296 Bar.
566 4244 599 4297 16
619 4243 743 4314 pellagus
768 4244 795 4298 V
854 4245 890 4299 20
908 4261 956 4298 nos
976 4262 1030 4299 nou
1050 4251 1114 4314 trsp.
1139 4245 1202 4300 t'ar.
1267 4247 1302 4300 22
1322 4264 1377 4316 que

226 4329 380 4383 ammodum
404 4329 435 4394 V,
455 4346 523 4386 carr.
544 4349 557 4382 o
