3025 4975
664 523 751 592 Epist.
773 520 817 577 CV
835 524 914 578 2-7.
1300 528 1365 591 497

211 719 336 783 nestris
360 717 558 801 temporibus
581 716 674 781 uelut
697 716 871 781 secundum
894 716 1107 801 principatum
1131 717 1222 782 sedes
1241 722 1365 801 aposto·

213 826 280 890 lica
313 826 429 890 honore
463 824 648 909 congruenti
682 823 839 905 suscipiat
866 827 897 887 et
926 824 1027 888 omnis
1056 823 1214 889 discordia
1240 825 1367 890 recedat

215 952 254 997 ex
279 932 415 996 ecclesia
435 931 575 995 omnium
595 934 740 995 nostrum
761 930 918 995 catholica
934 931 1112 1008 uoluntate,
1132 930 1252 995 domiui
1270 933 1365 996 etiam

215 1042 252 1103 et
279 1038 331 1101 dei
358 1036 458 1102 nostri
481 1036 554 1101 lesu
579 1036 707 1113 Christi,
737 1039 770 1101 et
791 1036 976 1101 Nestorium
1005 1040 1036 1101 et
1059 1037 1222 1119 Eutychen
1250 1038 1367 1120 impios

178 1173 196 1213 a
217 1148 253 1209 et
280 1145 393 1209 horum
423 1146 586 1207 seruantes
611 1143 761 1227 dogmata
783 1146 816 1207 et
839 1144 893 1225 qui
915 1144 1050 1208 istorum
1078 1142 1165 1208 luere
1193 1149 1368 1210 sectatores

216 1255 277 1315 aut
300 1254 407 1315 artant
429 1254 461 1314 et
485 1268 609 1314 onmem
636 1250 792 1314 haeresim
821 1251 1156 1315 anathematizantium
1184 1270 1309 1334 semper
1335 1256 1369 1317 et

213 1362 338 1422 rectam
366 1360 461 1439 atque
489 1356 799 1421 incontaminabilem
826 1355 921 1421 fidem
949 1357 1170 1421 inconcussam
1202 1362 1367 1441 tamquam

216 1464 388 1528 anchoram
421 1466 539 1528 certam
572 1466 666 1544 atque
699 1463 820 1527 firmam
852 1464 1029 1528 tenentium
1058 1468 1090 1528 et
1117 1467 1299 1547 paratorum
1326 1464 1365 1528 ad

214 1590 341 1654 pacem,
370 1572 469 1648 nullo,
500 1570 585 1651 quod
613 1570 707 1646 absit,
737 1570 939 1654 impediente,
971 1572 1157 1654 praesertim
1187 1572 1365 1637 uenerando

161 1710 192 1749 ιο
216 1678 325 1759 capito
349 1680 467 1749 uestro,
492 1678 575 1741 sicut
599 1676 780 1750 didicimus,
804 1676 948 1741 homines
973 1678 1186 1743 contentiosos
1209 1677 1366 1755 horrente,

215 1783 337 1866 quibus
371 1786 402 1847 et
434 1783 503 1847 uita
536 1787 568 1847 et
601 1802 673 1848 esca
707 1786 757 1847 est
789 1781 990 1847 sacerdotum
1019 1783 1070 1847 dei
1102 1782 1183 1847 inter
1211 1802 1245 1847 se
1273 1784 1367 1847 alter-

215 1890 361 1955 cantium
385 1890 553 1972 separatio,
577 1894 697 1955 utnon
723 1890 761 1954 ab
786 1890 933 1955 omnibus
957 1891 1112 1955 uelociter
1139 1890 1260 1973 cogniti
1286 1892 1366 1955 tam·
1396 1898 1399 1902 ’

215 2016 315 2079 quam
341 1996 409 2078 lupi
438 1998 469 2059 in
494 1996 695 2060 uestimentis
720 1996 830 2060 ouium
853 1996 946 2060 facile
970 1997 1009 2061 ab
1033 1997 1208 2079 apostolica
1232 1998 1367 2061 ecelesia

214 2102 420 2185 repellantur.
489 2103 553 2167 ista
575 2122 658 2167 nunc
683 2103 797 2186 scripsi
819 2104 911 2168 heato
937 2104 1032 2186 capiti
1056 2107 1163 2167 uestro
1187 2123 1243 2186 per
1264 2103 1365 2168 Patri·
1390 2102 1409 2164 5

157 2237 189 2277 ιε
213 2212 304 2275 cium
328 2209 545 2292 spectabilem,
569 2228 769 2273 communem
793 2208 906 2286 filium,
931 2214 964 2274 et
987 2210 1226 2274 consuetudinis
1250 2210 1365 2274 allecta

214 2335 370 2399 superans
398 2317 554 2381 rationem
582 2321 614 2380 et
641 2316 725 2380 circa
752 2316 838 2379 illam
868 2315 996 2379 beatam
1024 2316 1131 2380 sedem
1159 2317 1290 2381 caritate
1313 2316 1364 2381 de·

212 2424 347 2488 uinctus
382 2426 414 2488 et
446 2422 530 2488 omni
563 2422 613 2488 <lie
646 2422 754 2488 uidere
788 2421 969 2488 desiderans
1007 2427 1233 2508 congruentem
1269 2425 1365 2506 atque

213 2529 358 2594 debitam
386 2530 622 2594 uenerationem
652 2530 680 2594 ei
710 2530 840 2594 seruari.
910 2531 1013 2594 scribe
1045 2531 1153 2615 igitur,
1181 2531 1212 2594 iu
1242 2530 1413 2595 cunctisb

213 2637 319 2704 beate,
343 2639 506 2718 tamquam
526 2637 680 2701 unianimi
699 2640 795 2718 atque
814 2637 937 2720 optanti
955 2638 1092 2701 animam
1112 2655 1237 2719 quoque
1257 2637 1365 2702 offerre

156 2775 191 2814 20
214 2761 275 2825 pro
301 2741 362 2806 fide
387 2741 559 2808 orthodoxa
583 2747 615 2807 et
634 2743 841 2807 ecclesiarum
859 2762 937 2824 paee
957 2747 1136 2807 sanctarum
1156 2746 1188 2807 et
1205 2746 1242 2807 ut
1261 2746 1366 2807 custo-

214 2849 345 2913 diantur
371 2849 567 2914 uenerandae
591 2849 659 2914 sedi
682 2849 712 2912 in
738 2850 884 2915 omnibus
912 2850 999 2914 beati
1020 2851 1108 2914 Petri
1136 2850 1367 2914 conuenientia.

214 2955 303 3038 quod
335 2955 427 3019 facile
461 2955 516 3020 fiet
549 2955 691 3021 ordinata
722 2944 845 3021 unitate
879 2961 1066 3022 cunctorum
1095 2959 1127 3020 et
1155 2957 1297 3021 omnium
1325 2955 1365 3020 ad

214 3081 278 3126 uos
315 3064 478 3144 tamquam
516 3063 554 3126 ad
590 3062 716 3126 firmum
754 3063 975 3127 festinantium
1006 3067 1149 3146 portum;
1192 3063 1366 3127 diuisiones

214 3169 338 3233 etenim
371 3175 402 3232 et
431 3171 535 3233 cetera
568 3174 767 3234 contemnere
801 3174 996 3234 consuerunt
1028 3174 1060 3233 et
1091 3169 1189 3234 ordini
1223 3169 1366 3234 decentia

157 3309 191 3350 25
215 3295 283 3340 non
307 3278 444 3340 seruant.
515 3295 641 3340 omnem
664 3276 905 3353 hatemitatem,
930 3296 1010 3358 qnae
1033 3279 1083 3340 est
1105 3279 1228 3340 uestrae
1252 3276 1366 3340 sancti·
1390 3278 1410 3340 7

213 3381 278 3447 tati
312 3382 489 3456 coniuncta,
523 3401 582 3466 ego
613 3385 644 3447 et
672 3383 727 3464 qui
754 3402 881 3447 mecum
910 3387 986 3446 sunt
1012 3383 1151 3447 multum
1178 3383 1209 3446 in
1238 3382 1364 3446 domino

215 3489 407 3554 salutamus.
462 3509 502 3553 nr
525 3509 603 3554 arra
625 3509 728 3554 annii:
754 3489 877 3554 Saluam‘
893 3508 944 3553 me
964 3489 994 3553 in
1015 3489 1141 3554 domino
1161 3491 1258 3565 orate,
1277 3507 1365 3553 sanc-

213 3595 337 3660 tissimi
361 3599 394 3659 et
415 3595 594 3659 beatissimi
616 3597 740 3678 patres!
805 3597 946 3676 Accepta
968 3596 1104 3676 epistola
1126 3595 1278 3660 Dorothei
1301 3596 1366 3677 epi-

309 3787 342 3841 ra
362 3786 394 3840 cr.
414 3787 512 3840 aliern.
533 3787 556 3850 a,
578 3769 618 3840 15'

252 3902 266 3954 1
288 3901 389 3954 nostris
412 3899 474 3956 Cor.
530 3899 602 3954 sedis
622 3901 770 3972 apostolice
793 3899 825 3963 V,
845 3901 951 3954 corraei
1004 3901 1021 3954 2
1039 3901 1134 3954 honori
1154 3901 1311 3970 congruenti
1331 3901 1363 3968 V,

212 4007 286 4046 corr.
308 4007 333 4058 p:
353 3989 480 4042 honorem
501 3995 693 4058 congruentem
713 3989 742 4040 οι2
810 3991 826 4044 3
847 4007 877 4043 er
897 3990 1012 4043 ecclesia
1028 3991 1138 4057 scripsi:
1159 3997 1187 4043 et
1205 3990 1317 4060 ecclesie
1341 3991 1367 4044 V

212 4081 230 4134 9
249 4077 329 4131 nulla
351 4077 383 4139 V,
403 4093 470 4131 corr.
490 4078 560 4132 Bor.
633 4077 786 4132 uenerando
807 4079 894 4148 capite
914 4097 939 4147 p:
959 4079 1106 4131 uenerandi
1125 4079 1209 4148 capiti
1230 4077 1261 4137 V,
1281 4095 1363 4131 uene·

210 4165 301 4221 nando
322 4167 437 4236 capitio
479 4167 671 4220 abhorrentes
696 4167 726 4228 V,
747 4183 815 4221 corr.
835 4168 904 4220 Bor.
949 4168 982 4221 14
999 4168 1185 4236 reppellantur
1207 4166 1233 4219 V
1268 4167 1300 4220 15
1319 4184 1363 4220 ex·

210 4254 379 4326 pectabilem
402 4254 433 4314 V.
454 4271 522 4308 corr.
544 4273 569 4325 p:
590 4255 676 4308 uirum
696 4256 872 4324 spectabilem
892 4257 954 4310 Car.
1034 4256 1066 4309 19
1087 4255 1235 4308 unianimi
1259 4254 1294 4308 V:
1313 4271 1362 4308 un-

212 4343 300 4398 animi
311 4341 341 4393 οι2
377 4345 408 4396 21
420 4342 572 4396 uenerande
587 4342 614 4396 V
648 4345 682 4397 '24
693 4349 720 4396 et
736 4345 980 4412 ceteratemptoui:
996 4348 1024 4398 et
1039 4350 1132 4398 contra
1147 4343 1178 4407 V,
1190 4345 1282 4396 contra
1292 4343 1363 4397 Bar.

211 4435 249 4488 25
270 4431 424 4494 sanctitatis
449 4431 475 4485 V
526 4433 560 4486 26
582 4433 636 4485 aeg>
658 4447 709 4501 ego
728 4433 798 4486 Bar.
858 4435 891 4485 27
911 4450 991 4486 arnano
1007 4431 1045 4484 o²:
1066 4449 1168 4486 inanum
1189 4431 1219 4495 V,
1234 4447 1330 4484 manus
1346 4449 1363 4481 α

1258 4535 1309 4592 32*
