3025 4975
221 433 284 495 730
400 425 547 481 Honuisda
565 425 717 496 Epiphanio
737 425 863 495 episeopo
883 423 1186 494 Constantinopolitano

221 643 237 686 a
266 641 357 686 earne
386 623 584 704 separantem
614 625 647 684 et
673 621 743 685 ideo
773 623 916 683 sanctam
943 618 1081 683 Mariam
1104 619 1154 683 dei
1178 618 1366 702 genitricem

219 729 421 811 pronuntiare
454 727 620 804 nitentem,
655 728 790 792 alterum
823 725 992 790 ueritatem
1030 726 1133 790 oamis
1169 726 1201 790 in
1239 724 1365 789 domino

218 839 418 900 renuentem:
444 834 568 916 quando
594 833 741 900 dominus
765 836 874 897 noster
896 833 989 897 lesus
1009 832 1157 898 Christus
1175 832 1261 897 idem
1280 832 1366 896 lilius

171 935 176 944 ’
219 942 270 1006 dei
307 941 392 1006 idem
431 937 539 1028 [filius]
578 941 725 1018 hominis,
760 959 827 1003 una
855 940 887 1004 in
922 939 1045 1004 duabus
1077 959 1211 1023 persona
1243 939 1366 1004 naturis

218 1049 397 1114 diuinitatis
432 1053 464 1113 et
497 1049 598 1114 camis
631 1067 688 1112 neo
725 1047 847 1111 naturis
886 1047 1076 1111 adunatione
1114 1047 1267 1113 confusis.
1304 1065 1367 1110 nou
1397 1068 1410 1106 s

217 1157 309 1221 uelut
345 1159 457 1238 quarta
492 1174 628 1237 persona
665 1154 773 1218 addita
810 1153 956 1231 trinitati,
996 1154 1052 1218 sed
1087 1154 1157 1236 ipse
1193 1154 1279 1218 iilius
1314 1153 1365 1217 dei

219 1261 455 1326 exinaniens
476 1264 604 1326 semet
621 1260 750 1341 ipsum
772 1262 811 1324 et
828 1258 993 1323 formam
1012 1261 1121 1323 serui
1142 1260 1364 1341 arripiens.

166 1372 345 1452 ldpropter
373 1367 457 1450 quod
487 1371 518 1431 et
546 1385 641 1430 unam
669 1383 727 1430 neo
756 1365 953 1430 diuisibilem
979 1367 1164 1458 profitemur
1192 1367 1367 1430 essentiam

217 1475 369 1539 trinitatis
390 1477 422 1538 et
444 1473 669 1556 proprietatem
692 1475 799 1537 tamen
822 1491 914 1537 suam
939 1473 1059 1538 seimus
1082 1473 1186 1538 inesse
1209 1473 1365 1555 personis.

217 1601 312 1646 unam
346 1581 427 1646 enim
457 1580 555 1663 patris
584 1579 770 1661 profitemur
798 1599 868 1643 esse
895 1599 1072 1662 personam,
1101 1599 1197 1643 unam
1226 1581 1284 1644 filii
1314 1581 1410 1644 dein

217 1707 290 1752 eum
320 1687 490 1769 adsumpta
519 1705 619 1760 came,
648 1704 744 1748 unam
771 1685 903 1767 spiritus
927 1687 1041 1763 sancti,
1066 1691 1098 1750 et
1120 1705 1271 1770 personas
1294 1707 1368 1769 pro-

217 1793 407 1876 prietatibus
432 1792 633 1876 designantes
659 1795 692 1856 et
713 1811 771 1874 per
793 1793 949 1857 unitatem
974 1793 1130 1858 essentiae
1152 1793 1367 1877 inseparabile

215 1900 369 1964 trinitatis
403 1899 588 1982 mysterium
625 1899 820 1963 confitentes.
854 1919 955 1980 neque
989 1900 1072 1964 enim
1105 1901 1224 1985 ambigi
1256 1905 1368 1982 potest

216 2007 349 2071 uerbum
392 2004 442 2069 dei
483 2003 567 2068 intra
607 2003 718 2068 matris
761 2003 885 2068 uisoera
926 2024 982 2086 per
1024 2024 1150 2070 earnem
1191 2007 1363 2070 humanam

217 2110 438 2194 adsumpsisse
467 2113 610 2175 naturam
640 2129 697 2174 neo
720 2113 837 2192 posta
860 2129 893 2175 se
916 2111 1000 2175 intra
1022 2113 1155 2176 uuluam
1179 2119 1365 2177 naturarum
1385 2136 1410 2175 a

217 2220 359 2284 unitione
388 2217 538 2282 diuisum.
568 2236 640 2280 narn
670 2217 753 2281 sieut
782 2237 842 2280 nou
872 2218 981 2282 estin
1010 2237 1045 2282 eo
1079 2219 1260 2284 humanitas
1294 2220 1365 2284 sine

217 2327 274 2391 deo
299 2325 393 2403 edita,
419 2325 464 2388 sio
488 2323 519 2387 in
544 2343 635 2387 eruce
660 2343 720 2387 uon
745 2330 795 2388 est
816 2323 1024 2406 impassibilis
1050 2325 1201 2390 diuinitas
1222 2346 1241 2389 a
1260 2327 1365 2391 earnis

218 2433 366 2518 passione
391 2431 504 2509 diuisa,
530 2429 614 2514 quod
636 2431 771 2515 uirginis
794 2433 904 2514 partus
928 2435 960 2497 et
977 2431 1165 2498 intemerata
1183 2433 1366 2499 fecunditas

217 2546 249 2605 et
286 2540 456 2624 singularis
494 2558 511 2602 a
548 2539 682 2603 mortuis
720 2540 907 2603 resurreetio
947 2543 980 2603 et
1012 2540 1051 2604 ad
1084 2543 1188 2605 caelos
1222 2542 1366 2607 declarat

164 2648 370 2713 llasoeusio.
398 2648 477 2711 liaeo
506 2646 532 2711 si
562 2646 829 2728 quemadmodum
858 2666 876 2709 a
903 2648 1047 2730 patribus
1076 2650 1251 2714 constituta
1284 2654 1364 2714 sunt
1381 2672 1407 2710 ro

216 2758 355 2831 seruant,
380 2754 508 2817 credant
531 2772 587 2816 uee
612 2752 740 2817 definita
763 2754 1002 2829 transcendant3
1027 2774 1129 2837 aquo
1153 2756 1281 2820 tramite
1305 2758 1363 2839 qui

217 2862 385 2937 declinant,
425 2860 487 2943 ipsi
525 2861 586 2924 sibi
623 2861 771 2925 nebulam
809 2861 1017 2925 dubitationis
1057 2862 1232 2927 offundunt.
1267 2864 1362 2928 nobis

216 2973 324 3033 nutem
352 2968 433 3032 illud
457 2968 669 3051 apostolieum
694 2968 902 3033 contentiosis
926 2969 1114 3051 respondere
1138 2990 1267 3035 neeesse
1293 2975 1361 3035 est:

216 3075 1363 3143 nosbanoeonsuetudinemnoubabemusneeeeolesia

164 3182 290 3247 12dei.
323 3182 402 3247 haee
429 3180 500 3245 ideo
528 3180 677 3257 breuiter,
708 3180 781 3263 quia
809 3200 865 3245 nee
889 3182 1008 3266 ambigi
1032 3182 1179 3247 conuenit
1202 3182 1241 3246 de
1264 3184 1362 3249 rebus
1381 3204 1408 3243 aa

305 3392 320 3444 7
339 3390 459 3459 Philipp.
480 3390 504 3447 2,
525 3389 539 3442 7
596 3389 630 3441 24
650 3388 710 3443 Cor.
730 3388 743 3441 I
764 3388 806 3452 11,
827 3390 860 3444 16

251 3516 461 3569 drennuentem
486 3512 514 3565 V
546 3513 655 3575 41111111,
676 3512 750 3581 quod
766 3514 846 3567 um
863 3513 972 3574 inclusi,
987 3514 1024 3567 V:
1043 3532 1094 3569 om.
1113 3514 1196 3584 Hiap.
1234 3516 1363 3570 lerina-

215 3604 288 3657 niuit
305 3608 391 3657 semet
409 3604 497 3672 ipsum
518 3602 628 3655 tonnam
648 3602 659 3655 i
727 3603 742 3655 9
762 3604 861 3657 seimus
881 3603 922 3657 bis
945 3603 972 3656 V
1033 3604 1165 3658 rounam
1185 3605 1255 3657 enini
1275 3606 1363 3675 patris

215 3692 304 3763 proiit.
324 3708 381 3745 esse
401 3708 541 3761 personam
561 3706 611 3745 our.
636 3690 663 3744 V
732 3692 766 3745 12
784 3692 960 3762 inseparabili
982 3692 1009 3745 V
1079 3694 1113 3747 14
1130 3694 1225 3746 matris
1248 3694 1286 3748 V:
1307 3696 1363 3747 uir-

217 3780 287 3849 ginis
301 3780 383 3847 Hiap.
424 3781 456 3833 15
475 3782 538 3849 post
551 3797 567 3833 a
581 3797 609 3833 se
627 3780 700 3833 intra
718 3780 828 3834 uuluam
846 3786 1005 3835 naturarum
1023 3786 1159 3851 (naturam
1186 3781 1218 3850 V)
1237 3784 1364 3837 unitione

217 3895 333 3948 diuisum
356 3894 382 3947 V
405 3894 504 3949 Gerra:
530 3896 680 3965 aposteorie
706 3896 880 3965 (apostetriee
903 3896 933 3962 2¹²,
959 3864 1078 3968 postarie
1102 3898 1135 3967 i³)
1161 3898 1265 3952 laetum
1291 3899 1365 3951 intra

216 3982 325 4037 uuluam
343 3986 499 4037 naturarum
517 3984 667 4037 munitione
686 3984 803 4037 diuisum
817 3985 835 4049 i,
856 3990 919 4054 post
938 4003 954 4039 a
972 4004 1000 4039 se
1017 3986 1091 4040 intra
1108 3986 1217 4041 uuluam
1236 3990 1364 4041 naturam

215 4072 338 4125 unitione
359 4070 474 4125 diuisam
493 4092 516 4137 o,
535 4076 627 4141 posta
643 4088 671 4127 se
690 4074 762 4127 intra
781 4075 890 4128 uuluam
908 4081 1065 4129 naturarum
1079 4076 1229 4130 unitionem
1244 4074 1364 4130 diuisum

215 4159 305 4214 Labe.
389 4162 422 4214 16
442 4162 513 4215 sieut
531 4179 584 4215 non
605 4163 692 4215 estin
711 4178 763 4215 om.
787 4162 815 4215 V
892 4164 996 4217 1711011
1017 4168 1058 4217 est
1076 4164 1243 4234 inpassibilis
1262 4164 1366 4218 diuini·

215 4256 258 4302 tas
282 4248 331 4303 Vi:
348 4252 377 4302 et
394 4250 503 4320 impass.
523 4250 577 4303 diu.
596 4268 649 4303 non
670 4256 711 4304 est
733 4250 818 4305 Gerae.
874 4253 909 4306 20
928 4254 1112 4307 ascensionem
1135 4253 1163 4307 V
1211 4252 1364 4307 2211111111·

217 4337 284 4390 dunt
302 4337 384 4405 Hesp,
439 4338 473 4391 23
493 4339 670 4408 apostalioum
694 4339 719 4393 V
