3025 4975
456 459 544 528 Epist.
564 455 687 511 CCXVII
705 454 722 508 6
740 486 775 495 -
794 453 931 509 CCXVIII
948 454 973 508 2.
1221 454 1286 519 679

145 656 363 739 Eutychetem.
387 652 533 719 sufficere
557 650 652 719 debet
675 652 839 729 eeclesiae,
863 649 948 735 quod
970 670 1027 733 per
1048 650 1104 713 LX
1127 668 1224 715 annos
1249 649 1288 713 ab

146 762 320 847 Eutychete
348 760 572 843 usquemodo
601 760 778 825 sustinuit.
847 758 938 825 nobis
968 756 1053 841 quod
1085 756 1195 821 uisum
1228 757 1341 833 estid

147 868 349 952 scripsimus3
381 867 413 931 in
446 873 555 932 uestra
585 869 746 950 potestate
780 869 829 931 est
861 865 1044 940 deliberare,
1079 862 1163 945 quod
1195 862 1287 927 uobis

146 976 222 1041 deus
245 974 461 1059 imperauerit,
486 974 633 1057 quoniam
658 974 718 1039 hoo
741 973 791 1038 illi
814 973 960 1037 nituntur
979 990 1118 1035 asserere
1138 988 1174 1034 eo
1194 969 1288 1033 modo

109 1110 129 1147 e
146 1082 204 1147 sibi
242 1082 428 1147 satisfacere
464 1080 639 1164 cupientes,
678 1083 716 1144 ut
750 1080 798 1145 ita
833 1079 1039 1163 profiteamur
1076 1079 1108 1141 et
1145 1076 1288 1141 dieamus

145 1208 241 1253 unum
270 1188 309 1253 de
336 1188 480 1253 trinitate
506 1206 638 1270 passum
668 1206 750 1266 esse,
776 1186 861 1270 quod
884 1205 942 1251 neo
964 1188 1072 1267 patres
1095 1202 1152 1249 neo
1177 1182 1290 1267 synodi

147 1294 299 1362 dixerunt.
366 1294 431 1359 ista
465 1295 537 1359 ideo
573 1312 632 1376 per
667 1294 795 1378 singula
832 1293 1047 1375 exposuimus,
1085 1310 1123 1355 ne
1161 1289 1339 1357 illornmll

146 1401 307 1466 subtilitas
331 1400 485 1485 glorietur
507 1400 539 1465 in
562 1403 672 1466 nostra
695 1400 920 1483 simplicitate:
944 1402 1072 1482 propter
1089 1398 1169 1463 istas
1189 1414 1289 1462 nouas

146 1526 218 1572 suas
254 1507 447 1573 intentiones
483 1505 646 1571 Uitaliano
683 1506 851 1590 magnifico
888 1505 958 1571 niro
998 1503 1227 1586 subripuerunt
1258 1506 1291 1566 et

109 1641 131 1678 ιο
145 1616 221 1679 talia
248 1613 411 1679 uindioara
439 1616 469 1678 et
497 1633 552 1697 pro
581 1611 702 1678 talibus
725 1612 821 1678 rebus
846 1616 1045 1687 nonnanes,
1070 1628 1290 1693 quaecumque

145 1720 260 1803 potuit,
268 1720 495 1803 Impedimenta
505 1720 626 1797 afferre,
637 1719 729 1785 ouius
743 1718 1001 1785 immutationem
1012 1716 1113 1782 omnis
1124 1716 1289 1781 nobiseum

147 1828 239 1892 deflet
270 1826 417 1892 eeclesia.
450 1828 644 1910 quapropter
670 1844 832 1909 rogamus,
861 1827 898 1890 nt
927 1827 1078 1889 consueta
1106 1823 1231 1887 cautela
1259 1825 1342 1891 etia

147 1954 207 2017 qua
238 1934 324 1998 solat
355 1933 490 1998 domnus
521 1936 631 1998 noster
661 1932 828 2016 uigilantia
865 1931 1024 2017 rogitetis,
1063 1934 1095 1995 et
1131 1928 1289 2011 quomodo

146 2039 342 2122 suseipiendi
370 2038 446 2118 sint,
475 2039 531 2121 qui
558 2059 576 2102 a
604 2038 695 2104 nobis
723 2040 832 2104 taliter
858 2040 1060 2103 recesserunt
1087 2040 1120 2101 et
1142 2055 1160 2101 a
1182 2040 1291 2101 nostra

109 2172 131 2212 u
147 2147 275 2211 inerunt
302 2146 525 2211 commuuione
555 2145 702 2223 seiuncti,
731 2148 764 2210 et
791 2144 868 2227 quid
900 2144 946 2209 eis
978 2142 1205 2228 respondeatur
1237 2143 1290 2207 uel

146 2253 303 2335 quomodo
328 2272 437 2317 eorum
461 2252 603 2335 capitula
620 2252 822 2335 repellantur,
843 2251 917 2334 quia
936 2270 989 2316 eos
1010 2268 1118 2316 omnes
1138 2248 1290 2314 Constan-

146 2359 353 2443 tinopolitano
376 2359 535 2424 catholiea
557 2359 702 2423 exhorret
724 2358 869 2424 eeclesia.
921 2355 1290 2423 Dara111.Kal.1u1ias

148 2464 430 2550 Constantinopoli.

662 2641 771 2724 (ars.)

107 2799 130 2836 aa
443 2785 517 2830 lua!
540 2784 710 2830 suouEsrm
735 2783 857 2840 Quorum
881 2783 989 2828 surra,

188 2891 291 2956 Filius
322 2893 431 2958 uester
461 2889 652 2974 magnificus
681 2889 732 2953 uir
758 2889 956 2954 lastinianus
984 2908 1035 2954 res
1064 2889 1290 2954 conuenientes

147 2997 218 3062 fidei
251 3015 327 3062 suae
357 2995 478 3061 iaciens
506 2996 673 3062 basilicam
701 2999 884 3061 sanctorum
913 2996 1140 3078 apestolorum,
1168 2995 1200 3060 in
1230 3015 1292 3078 qna

148 3103 304 3169 desiderat
326 3105 359 3168 et
381 3103 468 3169 beati
486 3103 648 3168 Laurentii
666 3103 815 3187 martyris
834 3103 986 3185 reliquias
1006 3122 1086 3181 esse,
1106 3103 1290 3168 constituit:

148 3214 251 3293 sperat
280 3230 337 3294 per
368 3211 562 3294 paratuum
594 3213 745 3288 nostram,
779 3213 817 3274 ut
847 3210 1081 3292 praedictorum
1110 3213 1292 3274 sanctorum

106 3348 131 3386 a
147 3317 295 3399 reliquias
314 3316 459 3380 celeriter
478 3315 669 3382 concedatis.
724 3314 839 3380 habuit
857 3315 985 3396 quidem
1003 3315 1117 3397 petitio
1137 3314 1291 3398 praedicti
1324 3317 1344 3378 2

146 3423 204 3487 uiri
236 3423 415 3488 eorundum
446 3442 568 3486 morem
601 3421 796 3488 Graecorum
830 3425 863 3486 et
890 3441 948 3487 nos
977 3441 994 3486 a
1023 3425 1131 3486 contra
1161 3440 1291 3485 consue-

145 3528 285 3594 tudinem
316 3527 403 3592 sedis
436 3528 630 3612 apostolicae
663 3529 878 3610 exposuimus.
912 3528 1035 3610 aceepit
1066 3527 1231 3590 rationem.
1260 3531 1292 3592 et

147 3635 217 3716 quis
247 3635 324 3700 talis
356 3635 464 3700 feruor
491 3637 540 3700 est
572 3633 648 3698 fidei
680 3633 760 3711 eius,
795 3635 850 3716 qui
882 3637 1041 3698 mereatur
1072 3631 1223 3715 quioquid
1252 3632 1291 3696 de

146 3742 321 3824 apostoliea
348 3741 425 3806 sede
454 3742 684 3826 depoposcerit,
714 3745 746 3806 et
773 3743 837 3806 tale
866 3745 926 3818 est,
956 3739 1041 3822 quod
1065 3743 1183 3823 sperat,
1208 3739 1290 3802 unde

183 3933 400 3988 leuthiohetem
423 3933 450 3986 V
501 3931 674 3986 2eutiehete
697 3932 722 3984 V
775 3931 957 4001 dimpauorit
981 3931 1012 3994 V,
1032 3947 1100 3985 corr.
1121 3950 1138 3982 α
1192 3931 1291 3986 9snb-

146 4026 286 4092 repserunt
303 4023 368 4078 edil.
386 4039 439 4092 rep.
523 4023 555 4076 14
575 4021 703 4091 suspendi
723 4039 747 4086 α,
767 4021 841 4075 unde
859 4021 1041 4090 suspendendi
1061 4019 1088 4071 0²
1174 4015 1207 4075 ld
1226 4023 1291 4090 fort,

146 4112 230 4165 omnis
285 4113 319 4166 18
338 4111 603 4181 Constantinopolim
626 4111 652 4164 V

181 4201 245 4256 218.
300 4201 369 4256 Dat.
388 4207 420 4254 ut
438 4216 478 4268 ep.
496 4204 561 4256 216.
639 4199 714 4254 Eud.
736 4198 800 4253 Car.
820 4199 849 4252 1²
871 4203 943 4265 52ss
960 4199 1030 4254 Bar.
1051 4201 1090 4254 ad
1109 4217 1135 4254 o.
1158 4202 1219 4260 519,
1242 4203 1293 4265 93;

150 4287 602 4356 colua.00ncil.;ruie1873.
692 4288 727 4341 28
746 4291 864 4341 meretur
888 4287 919 4350 V,
939 4289 1045 4342 dorreti
1136 4289 1170 4342 29
1189 4287 1241 4342 ude
1261 4303 1293 4341 ex

148 4385 193 4430 dre
210 4375 327 4432 cornV
