<?xml version="1.0" encoding="UTF-8"?>
<!DOCTYPE html PUBLIC "-//W3C//DTD XHTML 1.0 Transitional//EN"
    "http://www.w3.org/TR/xhtml1/DTD/xhtml1-transitional.dtd">
<html xmlns="http://www.w3.org/1999/xhtml" xml:lang="en" lang="en">
 <head>
  <title>
</title>
<meta http-equiv="Content-Type" content="text/html;charset=utf-8" />
  <meta name='ocr-system' content='tesseract 3.04.00' />
  <meta name='ocr-capabilities' content='ocr_page ocr_carea ocr_par ocr_line ocrx_word'/>
</head>
<body>
  <div class='ocr_page' id='page_1' title='image "./corpusscriptoru02wiengoog_0038.png"; bbox 0 0 3025 4975; ppageno 0'>
   <div class='ocr_carea' id='block_1_1' title="bbox 205 388 1242 459">
    <p class='ocr_par' dir='ltr' id='par_1_1' title="bbox 205 388 1242 459">
     <span class='ocr_line' id='line_1_1' title="bbox 205 388 1242 459; baseline -0.002 -16"><span class='ocrx_word' id='word_1_1' title='bbox 205 392 269 457; x_wconf 82' lang='lat'>518</span> <span class='ocrx_word' id='word_1_2' title='bbox 311 388 449 443; x_wconf 89' lang='lat' dir='ltr'>Iudiculus</span> <span class='ocrx_word' id='word_1_3' title='bbox 469 388 548 443; x_wconf 87' lang='lat' dir='ltr'>datus</span> <span class='ocrx_word' id='word_1_4' title='bbox 566 388 690 443; x_wconf 87' lang='lat' dir='ltr'>Enuodio</span> <span class='ocrx_word' id='word_1_5' title='bbox 709 389 860 443; x_wconf 83' lang='lat' dir='ltr'>Fortunato</span> <span class='ocrx_word' id='word_1_6' title='bbox 881 393 946 453; x_wconf 86' lang='lat' dir='ltr'>etc.;</span> <span class='ocrx_word' id='word_1_7' title='bbox 966 389 1085 459; x_wconf 84' lang='lat' dir='ltr'>capitula</span> <span class='ocrx_word' id='word_1_8' title='bbox 1103 405 1242 442; x_wconf 88' lang='lat' dir='ltr'>cansarum</span> 
     </span>
    </p>
   </div>
   <div class='ocr_carea' id='block_1_2' title="bbox 152 582 1407 3863">
    <p class='ocr_par' dir='ltr' id='par_1_2' title="bbox 152 582 1407 3863">
     <span class='ocr_line' id='line_1_2' title="bbox 203 582 1352 668; baseline 0 -20"><span class='ocrx_word' id='word_1_9' title='bbox 203 585 314 649; x_wconf 89' lang='lat' dir='ltr'>iuuare</span> <span class='ocrx_word' id='word_1_10' title='bbox 333 586 405 667; x_wconf 91' lang='lat' dir='ltr'>plus</span> <span class='ocrx_word' id='word_1_11' title='bbox 426 586 591 665; x_wconf 89' lang='lat' dir='ltr'>poterunt;</span> <span class='ocrx_word' id='word_1_12' title='bbox 617 586 648 648; x_wconf 89' lang='lat' dir='ltr'>et</span> <span class='ocrx_word' id='word_1_13' title='bbox 671 584 746 665; x_wconf 84' lang='lat' dir='ltr'>quia</span> <span class='ocrx_word' id='word_1_14' title='bbox 770 602 862 647; x_wconf 90' lang='lat' dir='ltr'>seruo</span> <span class='ocrx_word' id='word_1_15' title='bbox 886 587 995 649; x_wconf 89' lang='lat' dir='ltr'>uestro</span> <span class='ocrx_word' id='word_1_16' title='bbox 1015 582 1174 647; x_wconf 90' lang='lat' dir='ltr'>Uitaliano</span> <span class='ocrx_word' id='word_1_17' title='bbox 1196 584 1352 668; x_wconf 86' lang='lat' dir='ltr'>magistro</span> 
     </span>
     <span class='ocr_line' id='line_1_3' title="bbox 205 686 1351 777; baseline -0.001 -21"><span class='ocrx_word' id='word_1_18' title='bbox 205 692 344 756; x_wconf 90' lang='lat' dir='ltr'>militurn</span> <span class='ocrx_word' id='word_1_19' title='bbox 368 692 465 755; x_wconf 88' lang='lat' dir='ltr'>talem</span> <span class='ocrx_word' id='word_1_20' title='bbox 489 691 624 755; x_wconf 86' lang='lat' dir='ltr'>dedistis</span> <span class='ocrx_word' id='word_1_21' title='bbox 646 690 819 768; x_wconf 81' lang='lat' dir='ltr'>licentiam,</span> <span class='ocrx_word' id='word_1_22' title='bbox 844 694 881 755; x_wconf 91' lang='lat' dir='ltr'>ut</span> <span class='ocrx_word' id='word_1_23' title='bbox 900 686 951 777; x_wconf 81' lang='lat' dir='ltr'>[si]</span> <span class='ocrx_word' id='word_1_24' title='bbox 971 694 1111 773; x_wconf 78' lang='lat' dir='ltr'>speraret</span> <span class='ocrx_word' id='word_1_25' title='bbox 1129 709 1147 754; x_wconf 92' lang='lat' dir='ltr'>a</span> <span class='ocrx_word' id='word_1_26' title='bbox 1164 691 1351 755; x_wconf 88' lang='lat' dir='ltr'>beatissimo</span> 
     </span>
     <span class='ocr_line' id='line_1_4' title="bbox 205 796 1351 881; baseline -0.001 -19"><span class='ocrx_word' id='word_1_27' title='bbox 205 816 295 881; x_wconf 85' lang='lat' dir='ltr'>papa,</span> <span class='ocrx_word' id='word_1_28' title='bbox 321 801 357 861; x_wconf 91' lang='lat' dir='ltr'>ut</span> <span class='ocrx_word' id='word_1_29' title='bbox 380 817 435 881; x_wconf 88' lang='lat' dir='ltr'>pro</span> <span class='ocrx_word' id='word_1_30' title='bbox 460 798 580 861; x_wconf 88' lang='lat' dir='ltr'>talibus</span> <span class='ocrx_word' id='word_1_31' title='bbox 605 797 720 873; x_wconf 86' lang='lat' dir='ltr'>causis,</span> <span class='ocrx_word' id='word_1_32' title='bbox 750 797 835 879; x_wconf 92' lang='lat' dir='ltr'>apud</span> <span class='ocrx_word' id='word_1_33' title='bbox 862 816 936 861; x_wconf 90' lang='lat' dir='ltr'>eum</span> <span class='ocrx_word' id='word_1_34' title='bbox 964 796 1196 862; x_wconf 81' lang='lat' dir='ltr'>discussionem</span> <span class='ocrx_word' id='word_1_35' title='bbox 1225 816 1351 874; x_wconf 85' lang='lat' dir='ltr'>causae,</span> 
     </span>
     <span class='ocr_line' id='line_1_5' title="bbox 206 903 1354 987; baseline 0 -20"><span class='ocrx_word' id='word_1_36' title='bbox 206 904 255 969; x_wconf 91' lang='lat' dir='ltr'>his</span> <span class='ocrx_word' id='word_1_37' title='bbox 289 904 445 987; x_wconf 89' lang='lat' dir='ltr'>personis,</span> <span class='ocrx_word' id='word_1_38' title='bbox 480 903 598 985; x_wconf 89' lang='lat' dir='ltr'>quihus</span> <span class='ocrx_word' id='word_1_39' title='bbox 632 904 669 967; x_wconf 90' lang='lat' dir='ltr'>de</span> <span class='ocrx_word' id='word_1_40' title='bbox 701 904 773 968; x_wconf 88' lang='lat' dir='ltr'>loeo</span> <span class='ocrx_word' id='word_1_41' title='bbox 810 907 919 984; x_wconf 88' lang='lat' dir='ltr'>potest</span> <span class='ocrx_word' id='word_1_42' title='bbox 951 922 1022 967; x_wconf 91' lang='lat' dir='ltr'>esse</span> <span class='ocrx_word' id='word_1_43' title='bbox 1053 904 1197 980; x_wconf 86' lang='lat' dir='ltr'>intentio,</span> <span class='ocrx_word' id='word_1_44' title='bbox 1228 903 1354 987; x_wconf 88' lang='lat' dir='ltr'>integra</span> 
     </span>
     <span class='ocr_line' id='line_1_6' title="bbox 152 1008 1398 1092; baseline -0.001 -21"><span class='ocrx_word' id='word_1_45' title='bbox 152 1010 191 1071; x_wconf 90' lang='grc'>21</span> <span class='ocrx_word' id='word_1_46' title='bbox 205 1010 355 1075; x_wconf 88' lang='lat' dir='ltr'>uniuersa</span> <span class='ocrx_word' id='word_1_47' title='bbox 379 1012 566 1073; x_wconf 70' lang='lat' dir='ltr'>seruentur.</span> <span class='ocrx_word' id='word_1_48' title='bbox 627 1010 655 1073; x_wconf 93' lang='lat' dir='ltr'>si</span> <span class='ocrx_word' id='word_1_49' title='bbox 674 1011 844 1092; x_wconf 89' lang='lat' dir='ltr'>imperator</span> <span class='ocrx_word' id='word_1_50' title='bbox 862 1008 975 1073; x_wconf 84' lang='lat' dir='ltr'>dixerit</span> <span class='ocrx_word' id='word_1_51' title='bbox 993 1010 1070 1073; x_wconf 86' lang='lat' dir='ltr'>‘sine</span> <span class='ocrx_word' id='word_1_52' title='bbox 1090 1009 1237 1091; x_wconf 89' lang='lat' dir='ltr'>episcopo</span> <span class='ocrx_word' id='word_1_53' title='bbox 1257 1010 1354 1075; x_wconf 87' lang='lat' dir='ltr'>hahet</span> <span class='ocrx_word' id='word_1_54' title='bbox 1383 1030 1398 1070; x_wconf 73' lang='lat' dir='ltr'>s</span> 
     </span>
     <span class='ocr_line' id='line_1_7' title="bbox 206 1116 1353 1200; baseline -0.002 -19"><span class='ocrx_word' id='word_1_55' title='bbox 206 1136 276 1181; x_wconf 91' lang='lat' dir='ltr'>esse</span> <span class='ocrx_word' id='word_1_56' title='bbox 301 1116 415 1181; x_wconf 91' lang='lat' dir='ltr'>ciuitas</span> <span class='ocrx_word' id='word_1_57' title='bbox 439 1120 533 1181; x_wconf 85' lang='lat' dir='ltr'>mea?</span> <span class='ocrx_word' id='word_1_58' title='bbox 566 1116 626 1181; x_wconf 92' lang='lat' dir='ltr'>hoc</span> <span class='ocrx_word' id='word_1_59' title='bbox 651 1116 743 1181; x_wconf 91' lang='lat' dir='ltr'>nohis</span> <span class='ocrx_word' id='word_1_60' title='bbox 768 1118 883 1198; x_wconf 90' lang='lat' dir='ltr'>placet,</span> <span class='ocrx_word' id='word_1_61' title='bbox 907 1120 944 1179; x_wconf 93' lang='lat' dir='ltr'>nt</span> <span class='ocrx_word' id='word_1_62' title='bbox 971 1117 1027 1180; x_wconf 95' lang='lat' dir='ltr'>uhi</span> <span class='ocrx_word' id='word_1_63' title='bbox 1055 1135 1114 1200; x_wconf 92' lang='lat' dir='ltr'>ego</span> <span class='ocrx_word' id='word_1_64' title='bbox 1141 1135 1264 1192; x_wconf 88' lang='lat' dir='ltr'>maneo,</span> <span class='ocrx_word' id='word_1_65' title='bbox 1288 1116 1353 1200; x_wconf 91' lang='lat' dir='ltr'>epi—</span> 
     </span>
     <span class='ocr_line' id='line_1_8' title="bbox 207 1222 1354 1307; baseline -0.001 -18"><span class='ocrx_word' id='word_1_66' title='bbox 207 1243 322 1307; x_wconf 90' lang='lat' dir='ltr'>scopus</span> <span class='ocrx_word' id='word_1_67' title='bbox 351 1242 413 1288; x_wconf 89' lang='lat' dir='ltr'>uon</span> <span class='ocrx_word' id='word_1_68' title='bbox 443 1224 518 1287; x_wconf 85' lang='lat' dir='ltr'>sit?&#39;</span> <span class='ocrx_word' id='word_1_69' title='bbox 556 1222 813 1304; x_wconf 86' lang='lat' dir='ltr'>respondendum</span> <span class='ocrx_word' id='word_1_70' title='bbox 836 1223 1058 1305; x_wconf 78' lang='lat' dir='ltr'>‘praediximus</span> <span class='ocrx_word' id='word_1_71' title='bbox 1083 1223 1216 1287; x_wconf 88' lang='lat' dir='ltr'>duarum</span> <span class='ocrx_word' id='word_1_72' title='bbox 1247 1243 1354 1306; x_wconf 89' lang='lat' dir='ltr'>perso-</span> 
     </span>
     <span class='ocr_line' id='line_1_9' title="bbox 205 1329 1353 1411; baseline -0.001 -16"><span class='ocrx_word' id='word_1_73' title='bbox 205 1350 316 1395; x_wconf 88' lang='lat' dir='ltr'>narum</span> <span class='ocrx_word' id='word_1_74' title='bbox 347 1329 556 1395; x_wconf 83' lang='lat' dir='ltr'>intentionenr</span> <span class='ocrx_word' id='word_1_75' title='bbox 589 1348 659 1394; x_wconf 87' lang='lat' dir='ltr'>esse</span> <span class='ocrx_word' id='word_1_76' title='bbox 692 1330 724 1393; x_wconf 92' lang='lat' dir='ltr'>in</span> <span class='ocrx_word' id='word_1_77' title='bbox 756 1329 820 1393; x_wconf 86' lang='lat' dir='ltr'>ista</span> <span class='ocrx_word' id='word_1_78' title='bbox 852 1329 992 1394; x_wconf 90' lang='lat' dir='ltr'>ciuitate.</span> <span class='ocrx_word' id='word_1_79' title='bbox 1034 1329 1119 1411; x_wconf 90' lang='lat' dir='ltr'>qnod</span> <span class='ocrx_word' id='word_1_80' title='bbox 1150 1329 1190 1393; x_wconf 90' lang='lat' dir='ltr'>ad</span> <span class='ocrx_word' id='word_1_81' title='bbox 1217 1349 1353 1394; x_wconf 87' lang='lat' dir='ltr'>canones</span> 
     </span>
     <span class='ocr_line' id='line_1_10' title="bbox 206 1436 1354 1520; baseline -0.001 -19"><span class='ocrx_word' id='word_1_82' title='bbox 206 1438 352 1520; x_wconf 91' lang='lat' dir='ltr'>pertinet,</span> <span class='ocrx_word' id='word_1_83' title='bbox 372 1436 436 1500; x_wconf 90' lang='lat' dir='ltr'>iam</span> <span class='ocrx_word' id='word_1_84' title='bbox 460 1440 531 1501; x_wconf 92' lang='lat' dir='ltr'>aute</span> <span class='ocrx_word' id='word_1_85' title='bbox 556 1436 796 1520; x_wconf 85' lang='lat' dir='ltr'>suggessimus:</span> <span class='ocrx_word' id='word_1_86' title='bbox 821 1454 956 1499; x_wconf 90' lang='lat' dir='ltr'>canones</span> <span class='ocrx_word' id='word_1_87' title='bbox 976 1437 1100 1501; x_wconf 90' lang='lat' dir='ltr'>soluere</span> <span class='ocrx_word' id='word_1_88' title='bbox 1117 1436 1149 1499; x_wconf 90' lang='lat' dir='ltr'>in</span> <span class='ocrx_word' id='word_1_89' title='bbox 1167 1436 1354 1519; x_wconf 82' lang='lat' dir='ltr'>religionem</span> 
     </span>
     <span class='ocr_line' id='line_1_11' title="bbox 207 1542 1404 1625; baseline -0.006 -16"><span class='ocrx_word' id='word_1_90' title='bbox 207 1544 406 1609; x_wconf 88' lang='lat' dir='ltr'>committere</span> <span class='ocrx_word' id='word_1_91' title='bbox 426 1547 485 1608; x_wconf 88' lang='lat' dir='ltr'>est.</span> <span class='ocrx_word' id='word_1_92' title='bbox 515 1544 617 1607; x_wconf 87' lang='lat' dir='ltr'>multa</span> <span class='ocrx_word' id='word_1_93' title='bbox 641 1546 716 1607; x_wconf 90' lang='lat' dir='ltr'>sunt</span> <span class='ocrx_word' id='word_1_94' title='bbox 738 1542 888 1619; x_wconf 88' lang='lat' dir='ltr'>remedia,</span> <span class='ocrx_word' id='word_1_95' title='bbox 911 1543 1014 1606; x_wconf 90' lang='lat' dir='ltr'>multa</span> <span class='ocrx_word' id='word_1_96' title='bbox 1035 1542 1174 1621; x_wconf 90' lang='lat' dir='ltr'>inuenta,</span> <span class='ocrx_word' id='word_1_97' title='bbox 1197 1562 1253 1625; x_wconf 93' lang='lat' dir='ltr'>per</span> <span class='ocrx_word' id='word_1_98' title='bbox 1276 1563 1355 1625; x_wconf 90' lang='lat' dir='ltr'>quae</span> <span class='ocrx_word' id='word_1_99' title='bbox 1374 1564 1404 1602; x_wconf 84' lang='lat' dir='ltr'>ro</span> 
     </span>
     <span class='ocr_line' id='line_1_12' title="bbox 207 1650 1357 1733; baseline 0 -20"><span class='ocrx_word' id='word_1_100' title='bbox 207 1651 309 1733; x_wconf 90' lang='lat' dir='ltr'>pietas</span> <span class='ocrx_word' id='word_1_101' title='bbox 342 1653 450 1713; x_wconf 91' lang='lat' dir='ltr'>uestra</span> <span class='ocrx_word' id='word_1_102' title='bbox 483 1650 549 1713; x_wconf 91' lang='lat' dir='ltr'>sine</span> <span class='ocrx_word' id='word_1_103' title='bbox 583 1650 804 1714; x_wconf 89' lang='lat' dir='ltr'>communione</span> <span class='ocrx_word' id='word_1_104' title='bbox 836 1668 907 1712; x_wconf 91' lang='lat' dir='ltr'>esse</span> <span class='ocrx_word' id='word_1_105' title='bbox 939 1668 1001 1713; x_wconf 93' lang='lat' dir='ltr'>nou</span> <span class='ocrx_word' id='word_1_106' title='bbox 1033 1650 1138 1731; x_wconf 89' lang='lat' dir='ltr'>possit</span> <span class='ocrx_word' id='word_1_107' title='bbox 1168 1652 1201 1713; x_wconf 88' lang='lat' dir='ltr'>et</span> <span class='ocrx_word' id='word_1_108' title='bbox 1230 1650 1357 1733; x_wconf 84' lang='lat' dir='ltr'>int-egra</span> 
     </span>
     <span class='ocr_line' id='line_1_13' title="bbox 155 1754 1353 1837; baseline 0.005 -22"><span class='ocrx_word' id='word_1_109' title='bbox 155 1754 196 1816; x_wconf 88' lang='grc'>22</span> <span class='ocrx_word' id='word_1_110' title='bbox 207 1756 397 1821; x_wconf 88' lang='lat' dir='ltr'>iudiciorum</span> <span class='ocrx_word' id='word_1_111' title='bbox 411 1756 514 1821; x_wconf 88' lang='lat' dir='ltr'>forma</span> <span class='ocrx_word' id='word_1_112' title='bbox 529 1756 693 1820; x_wconf 89' lang='lat' dir='ltr'>seruetur&#39;.</span> <span class='ocrx_word' id='word_1_113' title='bbox 750 1756 777 1819; x_wconf 94' lang='lat' dir='ltr'>si</span> <span class='ocrx_word' id='word_1_114' title='bbox 792 1755 904 1819; x_wconf 83' lang='lat' dir='ltr'>dixerit</span> <span class='ocrx_word' id='word_1_115' title='bbox 917 1762 1006 1837; x_wconf 87' lang='lat' dir='ltr'>‘quae</span> <span class='ocrx_word' id='word_1_116' title='bbox 1022 1756 1170 1821; x_wconf 89' lang='lat' dir='ltr'>suntista</span> <span class='ocrx_word' id='word_1_117' title='bbox 1184 1755 1353 1821; x_wconf 55' lang='lat' dir='ltr'>remedia?</span> 
     </span>
     <span class='ocr_line' id='line_1_14' title="bbox 206 1862 1355 1944; baseline 0.001 -18"><span class='ocrx_word' id='word_1_118' title='bbox 206 1862 377 1944; x_wconf 83' lang='lat' dir='ltr'>respondes</span> <span class='ocrx_word' id='word_1_119' title='bbox 408 1865 478 1926; x_wconf 88' lang='lat' dir='ltr'>‘non</span> <span class='ocrx_word' id='word_1_120' title='bbox 503 1882 522 1926; x_wconf 88' lang='lat' dir='ltr'>a</span> <span class='ocrx_word' id='word_1_121' title='bbox 544 1863 634 1927; x_wconf 93' lang='lat' dir='ltr'>nobis</span> <span class='ocrx_word' id='word_1_122' title='bbox 664 1862 788 1928; x_wconf 91' lang='lat' dir='ltr'>nouiter</span> <span class='ocrx_word' id='word_1_123' title='bbox 815 1862 979 1926; x_wconf 86' lang='lat' dir='ltr'>inchoata:</span> <span class='ocrx_word' id='word_1_124' title='bbox 1010 1881 1165 1944; x_wconf 88' lang='lat' dir='ltr'>suspensa</span> <span class='ocrx_word' id='word_1_125' title='bbox 1192 1881 1289 1927; x_wconf 87' lang='lat' dir='ltr'>causa</span> <span class='ocrx_word' id='word_1_126' title='bbox 1317 1863 1355 1927; x_wconf 89' lang='lat' dir='ltr'>de</span> 
     </span>
     <span class='ocr_line' id='line_1_15' title="bbox 207 1969 1354 2052; baseline -0.002 -17"><span class='ocrx_word' id='word_1_127' title='bbox 207 1970 278 2035; x_wconf 89' lang='lat' dir='ltr'>aliis</span> <span class='ocrx_word' id='word_1_128' title='bbox 316 1969 474 2051; x_wconf 89' lang='lat' dir='ltr'>episcopis</span> <span class='ocrx_word' id='word_1_129' title='bbox 510 1988 654 2050; x_wconf 90' lang='lat' dir='ltr'>persona,</span> <span class='ocrx_word' id='word_1_130' title='bbox 687 1988 769 2050; x_wconf 86' lang='lat' dir='ltr'>quae</span> <span class='ocrx_word' id='word_1_131' title='bbox 803 1969 961 2033; x_wconf 90' lang='lat' dir='ltr'>consentit</span> <span class='ocrx_word' id='word_1_132' title='bbox 997 1969 1189 2033; x_wconf 82' lang='lat' dir='ltr'>confessioni</span> <span class='ocrx_word' id='word_1_133' title='bbox 1223 1969 1354 2052; x_wconf 90' lang='lat' dir='ltr'>pietatis</span> 
     </span>
     <span class='ocr_line' id='line_1_16' title="bbox 207 2074 1404 2158; baseline -0.003 -20"><span class='ocrx_word' id='word_1_134' title='bbox 207 2077 331 2139; x_wconf 89' lang='lat' dir='ltr'>uestrae</span> <span class='ocrx_word' id='word_1_135' title='bbox 347 2080 379 2139; x_wconf 92' lang='lat' dir='ltr'>et</span> <span class='ocrx_word' id='word_1_136' title='bbox 393 2076 578 2139; x_wconf 87' lang='lat' dir='ltr'>constitutis</span> <span class='ocrx_word' id='word_1_137' title='bbox 603 2076 687 2139; x_wconf 92' lang='lat' dir='ltr'>sedis</span> <span class='ocrx_word' id='word_1_138' title='bbox 713 2074 1059 2157; x_wconf 86' lang='lat' dir='ltr'>apostolicae,·inherim</span> <span class='ocrx_word' id='word_1_139' title='bbox 1081 2094 1185 2158; x_wconf 85' lang='lat' dir='ltr'>usque</span> <span class='ocrx_word' id='word_1_140' title='bbox 1207 2074 1247 2137; x_wconf 89' lang='lat' dir='ltr'>ad</span> <span class='ocrx_word' id='word_1_141' title='bbox 1261 2093 1354 2139; x_wconf 90' lang='lat' dir='ltr'>euen-</span> <span class='ocrx_word' id='word_1_142' title='bbox 1375 2095 1404 2135; x_wconf 76' lang='lat' dir='ltr'>as</span> 
     </span>
     <span class='ocr_line' id='line_1_17' title="bbox 207 2180 1354 2267; baseline -0.002 -22"><span class='ocrx_word' id='word_1_143' title='bbox 207 2184 276 2247; x_wconf 89' lang='lat' dir='ltr'>tum</span> <span class='ocrx_word' id='word_1_144' title='bbox 309 2182 500 2267; x_wconf 90' lang='lat' dir='ltr'>cognitionis</span> <span class='ocrx_word' id='word_1_145' title='bbox 523 2183 631 2247; x_wconf 90' lang='lat' dir='ltr'>locum</span> <span class='ocrx_word' id='word_1_146' title='bbox 660 2180 1003 2264; x_wconf 78' lang='lat' dir='ltr'>Constantinopolitani</span> <span class='ocrx_word' id='word_1_147' title='bbox 1025 2185 1132 2246; x_wconf 90' lang='lat' dir='ltr'>teneat</span> <span class='ocrx_word' id='word_1_148' title='bbox 1158 2180 1354 2246; x_wconf 88' lang='lat' dir='ltr'>sacerdotis’.</span> 
     </span>
     <span class='ocr_line' id='line_1_18' title="bbox 155 2286 1355 2370; baseline 0 -21"><span class='ocrx_word' id='word_1_149' title='bbox 155 2286 197 2350; x_wconf 88' lang='grc'>23</span> <span class='ocrx_word' id='word_1_150' title='bbox 253 2288 287 2353; x_wconf 88' lang='lat' dir='ltr'>Si</span> <span class='ocrx_word' id='word_1_151' title='bbox 322 2309 395 2353; x_wconf 88' lang='lat' dir='ltr'>oum</span> <span class='ocrx_word' id='word_1_152' title='bbox 429 2288 478 2353; x_wconf 91' lang='lat' dir='ltr'>dei</span> <span class='ocrx_word' id='word_1_153' title='bbox 512 2289 667 2355; x_wconf 91' lang='lat' dir='ltr'>adiutorio</span> <span class='ocrx_word' id='word_1_154' title='bbox 699 2288 840 2370; x_wconf 89' lang='lat' dir='ltr'>episcopi</span> <span class='ocrx_word' id='word_1_155' title='bbox 863 2288 1025 2353; x_wconf 90' lang='lat' dir='ltr'>noluerint</span> <span class='ocrx_word' id='word_1_156' title='bbox 1051 2307 1084 2352; x_wconf 90' lang='lat' dir='ltr'>se</span> <span class='ocrx_word' id='word_1_157' title='bbox 1114 2288 1355 2353; x_wconf 89' lang='lat' dir='ltr'>adcommodare</span> 
     </span>
     <span class='ocr_line' id='line_1_19' title="bbox 210 2395 1353 2477; baseline -0.001 -19"><span class='ocrx_word' id='word_1_158' title='bbox 210 2395 277 2459; x_wconf 90' lang='lat' dir='ltr'>sedi</span> <span class='ocrx_word' id='word_1_159' title='bbox 318 2396 523 2477; x_wconf 88' lang='lat' dir='ltr'>apostolicae,</span> <span class='ocrx_word' id='word_1_160' title='bbox 559 2396 683 2459; x_wconf 86' lang='lat' dir='ltr'>hahetis</span> <span class='ocrx_word' id='word_1_161' title='bbox 722 2398 844 2460; x_wconf 87' lang='lat' dir='ltr'>textum</span> <span class='ocrx_word' id='word_1_162' title='bbox 876 2395 979 2459; x_wconf 86' lang='lat' dir='ltr'>lihelli</span> <span class='ocrx_word' id='word_1_163' title='bbox 1021 2414 1056 2459; x_wconf 87' lang='lat' dir='ltr'>ex</span> <span class='ocrx_word' id='word_1_164' title='bbox 1098 2395 1213 2459; x_wconf 88' lang='lat' dir='ltr'>scrinio</span> <span class='ocrx_word' id='word_1_165' title='bbox 1255 2396 1353 2459; x_wconf 89' lang='lat' dir='ltr'>eecle-</span> 
     </span>
     <span class='ocr_line' id='line_1_20' title="bbox 209 2500 1356 2585; baseline -0.002 -19"><span class='ocrx_word' id='word_1_166' title='bbox 209 2502 273 2566; x_wconf 85' lang='lat' dir='ltr'>siae</span> <span class='ocrx_word' id='word_1_167' title='bbox 304 2503 436 2581; x_wconf 88' lang='lat' dir='ltr'>editum,</span> <span class='ocrx_word' id='word_1_168' title='bbox 463 2504 550 2567; x_wconf 89' lang='lat' dir='ltr'>iuxta</span> <span class='ocrx_word' id='word_1_169' title='bbox 584 2521 679 2585; x_wconf 90' lang='lat' dir='ltr'>quem</span> <span class='ocrx_word' id='word_1_170' title='bbox 707 2500 842 2566; x_wconf 89' lang='lat' dir='ltr'>debeant</span> <span class='ocrx_word' id='word_1_171' title='bbox 868 2502 1017 2585; x_wconf 85' lang='lat' dir='ltr'>profiteri.</span> <span class='ocrx_word' id='word_1_172' title='bbox 1056 2503 1084 2566; x_wconf 93' lang='lat' dir='ltr'>si</span> <span class='ocrx_word' id='word_1_173' title='bbox 1111 2506 1217 2566; x_wconf 88' lang='lat' dir='ltr'>tamen</span> <span class='ocrx_word' id='word_1_174' title='bbox 1246 2506 1356 2566; x_wconf 90' lang='lat' dir='ltr'>contra</span> 
     </span>
     <span class='ocr_line' id='line_1_21' title="bbox 209 2608 1406 2693; baseline 0.001 -22"><span class='ocrx_word' id='word_1_175' title='bbox 209 2609 287 2674; x_wconf 92' lang='lat' dir='ltr'>alios</span> <span class='ocrx_word' id='word_1_176' title='bbox 313 2608 479 2692; x_wconf 92' lang='lat' dir='ltr'>episcopos</span> <span class='ocrx_word' id='word_1_177' title='bbox 504 2609 671 2674; x_wconf 86' lang='lat' dir='ltr'>catholicis</span> <span class='ocrx_word' id='word_1_178' title='bbox 696 2609 788 2673; x_wconf 90' lang='lat' dir='ltr'>datae</span> <span class='ocrx_word' id='word_1_179' title='bbox 811 2608 928 2672; x_wconf 83' lang='lat' dir='ltr'>luerint</span> <span class='ocrx_word' id='word_1_180' title='bbox 955 2609 1136 2690; x_wconf 90' lang='lat' dir='ltr'>petitiones,</span> <span class='ocrx_word' id='word_1_181' title='bbox 1164 2627 1354 2693; x_wconf 88' lang='lat' dir='ltr'>magnopere</span> <span class='ocrx_word' id='word_1_182' title='bbox 1374 2647 1406 2686; x_wconf 71' lang='lat'>2,</span> 
     </span>
     <span class='ocr_line' id='line_1_22' title="bbox 209 2715 1355 2798; baseline -0.002 -18"><span class='ocrx_word' id='word_1_183' title='bbox 209 2719 319 2780; x_wconf 88' lang='lat' dir='ltr'>contra</span> <span class='ocrx_word' id='word_1_184' title='bbox 353 2715 438 2793; x_wconf 91' lang='lat' dir='ltr'>illos,</span> <span class='ocrx_word' id='word_1_185' title='bbox 476 2715 530 2797; x_wconf 88' lang='lat' dir='ltr'>qui</span> <span class='ocrx_word' id='word_1_186' title='bbox 568 2715 636 2780; x_wconf 90' lang='lat' dir='ltr'>sine</span> <span class='ocrx_word' id='word_1_187' title='bbox 672 2715 865 2780; x_wconf 89' lang='lat' dir='ltr'>uerecundia</span> <span class='ocrx_word' id='word_1_188' title='bbox 896 2715 1161 2781; x_wconf 73' lang='lat' dir='ltr'>calcedonensem</span> <span class='ocrx_word' id='word_1_189' title='bbox 1198 2715 1355 2798; x_wconf 78' lang='lat' dir='ltr'>synodum</span> 
     </span>
     <span class='ocr_line' id='line_1_23' title="bbox 209 2821 1355 2904; baseline 0 -18"><span class='ocrx_word' id='word_1_190' title='bbox 209 2821 477 2886; x_wconf 85' lang='lat' dir='ltr'>anathematizant</span> <span class='ocrx_word' id='word_1_191' title='bbox 501 2829 533 2885; x_wconf 91' lang='lat' dir='ltr'>et</span> <span class='ocrx_word' id='word_1_192' title='bbox 557 2821 708 2904; x_wconf 84' lang='lat' dir='ltr'>epistolas</span> <span class='ocrx_word' id='word_1_193' title='bbox 732 2841 794 2886; x_wconf 93' lang='lat' dir='ltr'>uon</span> <span class='ocrx_word' id='word_1_194' title='bbox 812 2821 972 2903; x_wconf 88' lang='lat' dir='ltr'>recipiunt</span> <span class='ocrx_word' id='word_1_195' title='bbox 989 2823 1092 2886; x_wconf 90' lang='lat' dir='ltr'>sancti</span> <span class='ocrx_word' id='word_1_196' title='bbox 1110 2837 1210 2904; x_wconf 87' lang='lat' dir='ltr'>papae</span> <span class='ocrx_word' id='word_1_197' title='bbox 1228 2822 1355 2900; x_wconf 89' lang='lat' dir='ltr'>Leonis,</span> 
     </span>
     <span class='ocr_line' id='line_1_24' title="bbox 208 2927 1357 3011; baseline 0.003 -21"><span class='ocrx_word' id='word_1_198' title='bbox 208 2927 378 3010; x_wconf 86' lang='lat' dir='ltr'>petitiones</span> <span class='ocrx_word' id='word_1_199' title='bbox 403 2929 566 3010; x_wconf 85' lang='lat' dir='ltr'>suscipite,</span> <span class='ocrx_word' id='word_1_200' title='bbox 591 2948 719 2993; x_wconf 90' lang='lat' dir='ltr'>causam</span> <span class='ocrx_word' id='word_1_201' title='bbox 745 2931 848 2992; x_wconf 87' lang='lat' dir='ltr'>tamen</span> <span class='ocrx_word' id='word_1_202' title='bbox 872 2929 957 2992; x_wconf 91' lang='lat' dir='ltr'>sedis</span> <span class='ocrx_word' id='word_1_203' title='bbox 980 2929 1173 3011; x_wconf 88' lang='lat' dir='ltr'>apostolicae</span> <span class='ocrx_word' id='word_1_204' title='bbox 1195 2933 1357 2994; x_wconf 85' lang='lat' dir='ltr'>reseruata</span> 
     </span>
     <span class='ocr_line' id='line_1_25' title="bbox 209 3034 1358 3118; baseline -0.001 -19"><span class='ocrx_word' id='word_1_205' title='bbox 209 3034 338 3110; x_wconf 86' lang='lat' dir='ltr'>iudicio,</span> <span class='ocrx_word' id='word_1_206' title='bbox 363 3038 400 3098; x_wconf 91' lang='lat' dir='ltr'>ut</span> <span class='ocrx_word' id='word_1_207' title='bbox 424 3040 456 3099; x_wconf 95' lang='lat' dir='ltr'>et</span> <span class='ocrx_word' id='word_1_208' title='bbox 479 3055 568 3118; x_wconf 85' lang='lat' dir='ltr'>spem</span> <span class='ocrx_word' id='word_1_209' title='bbox 593 3035 630 3100; x_wconf 94' lang='lat' dir='ltr'>de</span> <span class='ocrx_word' id='word_1_210' title='bbox 654 3035 816 3099; x_wconf 87' lang='lat' dir='ltr'>audientia</span> <span class='ocrx_word' id='word_1_211' title='bbox 838 3035 922 3099; x_wconf 86' lang='lat' dir='ltr'>detis</span> <span class='ocrx_word' id='word_1_212' title='bbox 946 3039 978 3100; x_wconf 91' lang='lat' dir='ltr'>et</span> <span class='ocrx_word' id='word_1_213' title='bbox 999 3039 1105 3099; x_wconf 92' lang='lat' dir='ltr'>tamen</span> <span class='ocrx_word' id='word_1_214' title='bbox 1132 3035 1224 3100; x_wconf 92' lang='lat' dir='ltr'>nohis</span> <span class='ocrx_word' id='word_1_215' title='bbox 1248 3034 1358 3099; x_wconf 91' lang='lat' dir='ltr'>debita</span> 
     </span>
     <span class='ocr_line' id='line_1_26' title="bbox 157 3141 1407 3224; baseline 0.001 -20"><span class='ocrx_word' id='word_1_216' title='bbox 157 3143 391 3206; x_wconf 77' lang='lat' dir='ltr'>241esernetur</span> <span class='ocrx_word' id='word_1_217' title='bbox 415 3143 599 3206; x_wconf 82' lang='lat' dir='ltr'>auotoritas</span> <span class='ocrx_word' id='word_1_218' title='bbox 647 3142 676 3206; x_wconf 90' lang='lat' dir='ltr'>si</span> <span class='ocrx_word' id='word_1_219' title='bbox 694 3145 800 3205; x_wconf 86' lang='lat' dir='ltr'>tamen</span> <span class='ocrx_word' id='word_1_220' title='bbox 819 3141 992 3224; x_wconf 91' lang='lat' dir='ltr'>imperator</span> <span class='ocrx_word' id='word_1_221' title='bbox 1010 3142 1232 3206; x_wconf 90' lang='lat' dir='ltr'>serenissimus</span> <span class='ocrx_word' id='word_1_222' title='bbox 1249 3145 1358 3206; x_wconf 89' lang='lat' dir='ltr'>totum</span> <span class='ocrx_word' id='word_1_223' title='bbox 1377 3179 1407 3219; x_wconf 44' lang='grc' dir='ltr'>,ὅ</span> 
     </span>
     <span class='ocr_line' id='line_1_27' title="bbox 211 3248 1358 3331; baseline -0.001 -19"><span class='ocrx_word' id='word_1_224' title='bbox 211 3266 245 3312; x_wconf 90' lang='lat' dir='ltr'>se</span> <span class='ocrx_word' id='word_1_225' title='bbox 267 3248 450 3330; x_wconf 90' lang='lat' dir='ltr'>promiserit</span> <span class='ocrx_word' id='word_1_226' title='bbox 473 3267 543 3313; x_wconf 89' lang='lat' dir='ltr'>esse</span> <span class='ocrx_word' id='word_1_227' title='bbox 567 3250 736 3325; x_wconf 85' lang='lat' dir='ltr'>facturum,</span> <span class='ocrx_word' id='word_1_228' title='bbox 762 3251 886 3313; x_wconf 88' lang='lat' dir='ltr'>tantum</span> <span class='ocrx_word' id='word_1_229' title='bbox 914 3252 951 3313; x_wconf 94' lang='lat' dir='ltr'>ut</span> <span class='ocrx_word' id='word_1_230' title='bbox 978 3253 1119 3314; x_wconf 85' lang='lat' dir='ltr'>nostram</span> <span class='ocrx_word' id='word_1_231' title='bbox 1145 3248 1358 3331; x_wconf 87' lang='lat' dir='ltr'>praesentiam</span> 
     </span>
     <span class='ocr_line' id='line_1_28' title="bbox 211 3355 1357 3438; baseline 0.001 -19"><span class='ocrx_word' id='word_1_232' title='bbox 211 3355 459 3433; x_wconf 88' lang='lat' dir='ltr'>commodemus,</span> <span class='ocrx_word' id='word_1_233' title='bbox 485 3355 587 3420; x_wconf 87' lang='lat' dir='ltr'>modis</span> <span class='ocrx_word' id='word_1_234' title='bbox 612 3355 760 3420; x_wconf 89' lang='lat' dir='ltr'>omnihus</span> <span class='ocrx_word' id='word_1_235' title='bbox 779 3355 867 3437; x_wconf 87' lang='lat' dir='ltr'>prius</span> <span class='ocrx_word' id='word_1_236' title='bbox 887 3374 976 3420; x_wconf 91' lang='lat' dir='ltr'>sacra</span> <span class='ocrx_word' id='word_1_237' title='bbox 992 3355 1095 3438; x_wconf 89' lang='lat' dir='ltr'>ipsius</span> <span class='ocrx_word' id='word_1_238' title='bbox 1114 3375 1170 3437; x_wconf 91' lang='lat' dir='ltr'>per</span> <span class='ocrx_word' id='word_1_239' title='bbox 1189 3355 1357 3438; x_wconf 89' lang='lat' dir='ltr'>episcopos</span> 
     </span>
     <span class='ocr_line' id='line_1_29' title="bbox 210 3460 1357 3545; baseline 0 -21"><span class='ocrx_word' id='word_1_240' title='bbox 210 3461 264 3525; x_wconf 89' lang='lat' dir='ltr'>uel</span> <span class='ocrx_word' id='word_1_241' title='bbox 288 3461 455 3542; x_wconf 89' lang='lat' dir='ltr'>epistolam</span> <span class='ocrx_word' id='word_1_242' title='bbox 480 3468 620 3526; x_wconf 86' lang='lat' dir='ltr'>nostram</span> <span class='ocrx_word' id='word_1_243' title='bbox 644 3480 707 3526; x_wconf 92' lang='lat' dir='ltr'>uuo</span> <span class='ocrx_word' id='word_1_244' title='bbox 732 3460 771 3524; x_wconf 91' lang='lat' dir='ltr'>de</span> <span class='ocrx_word' id='word_1_245' title='bbox 799 3462 915 3526; x_wconf 88' lang='lat' dir='ltr'>uestris</span> <span class='ocrx_word' id='word_1_246' title='bbox 943 3462 1120 3543; x_wconf 86' lang='lat' dir='ltr'>perferente</span> <span class='ocrx_word' id='word_1_247' title='bbox 1147 3481 1204 3545; x_wconf 91' lang='lat' dir='ltr'>per</span> <span class='ocrx_word' id='word_1_248' title='bbox 1228 3462 1357 3543; x_wconf 90' lang='lat' dir='ltr'>prouin-</span> 
     </span>
     <span class='ocr_line' id='line_1_30' title="bbox 211 3561 1357 3650; baseline 0.001 -19"><span class='ocrx_word' id='word_1_249' title='bbox 211 3567 276 3632; x_wconf 89' lang='lat' dir='ltr'>cias</span> <span class='ocrx_word' id='word_1_250' title='bbox 300 3587 363 3631; x_wconf 90' lang='lat' dir='ltr'>una</span> <span class='ocrx_word' id='word_1_251' title='bbox 387 3587 459 3632; x_wconf 90' lang='lat' dir='ltr'>oum</span> <span class='ocrx_word' id='word_1_252' title='bbox 482 3561 636 3650; x_wconf 82' lang='lat' dir='ltr'>personis&#39;,</span> <span class='ocrx_word' id='word_1_253' title='bbox 662 3585 740 3649; x_wconf 87' lang='lat' dir='ltr'>quas</span> <span class='ocrx_word' id='word_1_254' title='bbox 763 3567 935 3650; x_wconf 88' lang='lat' dir='ltr'>imperator</span> <span class='ocrx_word' id='word_1_255' title='bbox 957 3567 1167 3650; x_wconf 88' lang='lat' dir='ltr'>deputaueu&#39;t,</span> <span class='ocrx_word' id='word_1_256' title='bbox 1187 3567 1357 3645; x_wconf 87' lang='lat' dir='ltr'>destinate,</span> 
     </span>
     <span class='ocr_line' id='line_1_31' title="bbox 211 3673 1406 3755; baseline 0.008 -19"><span class='ocrx_word' id='word_1_257' title='bbox 211 3677 248 3738; x_wconf 91' lang='lat' dir='ltr'>ut</span> <span class='ocrx_word' id='word_1_258' title='bbox 271 3673 316 3738; x_wconf 90' lang='lat' dir='ltr'>sic</span> <span class='ocrx_word' id='word_1_259' title='bbox 341 3693 413 3737; x_wconf 91' lang='lat' dir='ltr'>eum</span> <span class='ocrx_word' id='word_1_260' title='bbox 437 3693 561 3738; x_wconf 88' lang='lat' dir='ltr'>seruare</span> <span class='ocrx_word' id='word_1_261' title='bbox 585 3673 819 3738; x_wconf 82' lang='lat' dir='ltr'>Calcedouense</span> <span class='ocrx_word' id='word_1_262' title='bbox 841 3673 1013 3739; x_wconf 83' lang='lat' dir='ltr'>concilium</span> <span class='ocrx_word' id='word_1_263' title='bbox 1032 3676 1064 3738; x_wconf 94' lang='lat' dir='ltr'>et</span> <span class='ocrx_word' id='word_1_264' title='bbox 1082 3674 1235 3755; x_wconf 91' lang='lat' dir='ltr'>epistolas</span> <span class='ocrx_word' id='word_1_265' title='bbox 1254 3675 1357 3739; x_wconf 89' lang='lat' dir='ltr'>sancti</span> <span class='ocrx_word' id='word_1_266' title='bbox 1376 3705 1406 3744; x_wconf 81' lang='lat' dir='ltr'>so</span> 
     </span>
     <span class='ocr_line' id='line_1_32' title="bbox 210 3779 1356 3863; baseline 0.003 -21"><span class='ocrx_word' id='word_1_267' title='bbox 210 3799 309 3863; x_wconf 88' lang='lat' dir='ltr'>papae</span> <span class='ocrx_word' id='word_1_268' title='bbox 337 3779 451 3844; x_wconf 89' lang='lat' dir='ltr'>Leonis</span> <span class='ocrx_word' id='word_1_269' title='bbox 480 3779 626 3844; x_wconf 89' lang='lat' dir='ltr'>omnihus</span> <span class='ocrx_word' id='word_1_270' title='bbox 655 3779 844 3844; x_wconf 89' lang='lat' dir='ltr'>innotescat.</span> <span class='ocrx_word' id='word_1_271' title='bbox 886 3781 1003 3862; x_wconf 89' lang='lat' dir='ltr'>quihus</span> <span class='ocrx_word' id='word_1_272' title='bbox 1034 3781 1081 3844; x_wconf 88' lang='lat' dir='ltr'>ita</span> <span class='ocrx_word' id='word_1_273' title='bbox 1111 3780 1356 3863; x_wconf 86' lang='lat' dir='ltr'>procedentibus</span> 
     </span>
    </p>
   </div>
   <div class='ocr_carea' id='block_1_3' title="bbox 211 3951 1361 4379">
    <p class='ocr_par' dir='ltr' id='par_1_3' title="bbox 211 3951 1361 4379">
     <span class='ocr_line' id='line_1_33' title="bbox 247 3951 1358 4022; baseline 0.002 -16"><span class='ocrx_word' id='word_1_274' title='bbox 247 3953 301 4006; x_wconf 69' lang='grc'>251</span> <span class='ocrx_word' id='word_1_275' title='bbox 316 3952 404 4006; x_wconf 77' lang='lat' dir='ltr'>deleat</span> <span class='ocrx_word' id='word_1_276' title='bbox 423 3955 473 4018; x_wconf 81' lang='lat' dir='ltr'>(aa</span> <span class='ocrx_word' id='word_1_277' title='bbox 490 3953 662 4006; x_wconf 66' lang='lat' dir='ltr'>scribendam</span> <span class='ocrx_word' id='word_1_278' title='bbox 681 3951 777 4019; x_wconf 83' lang='lat' dir='ltr'>sibi?);</span> <span class='ocrx_word' id='word_1_279' title='bbox 798 3953 831 4006; x_wconf 84' lang='lat' dir='ltr'>de</span> <span class='ocrx_word' id='word_1_280' title='bbox 844 3953 922 4007; x_wconf 79' lang='lat' dir='ltr'>uerbi</span> <span class='ocrx_word' id='word_1_281' title='bbox 938 3955 1071 4021; x_wconf 79' lang='lat' dir='ltr'>sperandi</span> <span class='ocrx_word' id='word_1_282' title='bbox 1088 3970 1168 4008; x_wconf 79' lang='lat' dir='ltr'>usum</span> <span class='ocrx_word' id='word_1_283' title='bbox 1182 3954 1216 4022; x_wconf 77' lang='lat' dir='ltr'>cf.</span> <span class='ocrx_word' id='word_1_284' title='bbox 1231 3955 1358 4009; x_wconf 70' lang='lat' dir='ltr'>Indicam</span> 
     </span>
     <span class='ocr_line' id='line_1_34' title="bbox 212 4039 1357 4111; baseline 0.001 -16"><span class='ocrx_word' id='word_1_285' title='bbox 212 4044 227 4095; x_wconf 78' lang='lat'>5</span> <span class='ocrx_word' id='word_1_286' title='bbox 250 4041 335 4094; x_wconf 85' lang='lat' dir='ltr'>hebet</span> <span class='ocrx_word' id='word_1_287' title='bbox 359 4041 383 4094; x_wconf 85' lang='lat' dir='ltr'><strong><em>V</em></strong></span> <span class='ocrx_word' id='word_1_288' title='bbox 406 4043 452 4108; x_wconf 78' lang='lat' dir='ltr'>(cf.</span> <span class='ocrx_word' id='word_1_289' title='bbox 474 4039 592 4103; x_wconf 80' lang='lat' dir='ltr'>Rdnsele,</span> <span class='ocrx_word' id='word_1_290' title='bbox 616 4041 709 4095; x_wconf 81' lang='lat' dir='ltr'>Itala²</span> <span class='ocrx_word' id='word_1_291' title='bbox 734 4045 794 4094; x_wconf 70' lang='lat'>447</span> <span class='ocrx_word' id='word_1_292' title='bbox 816 4044 896 4111; x_wconf 66' lang='lat' dir='ltr'>spol:</span> <span class='ocrx_word' id='word_1_293' title='bbox 922 4041 1005 4096; x_wconf 88' lang='lat' dir='ltr'>dehet</span> <span class='ocrx_word' id='word_1_294' title='bbox 1026 4043 1097 4097; x_wconf 82' lang='lat' dir='ltr'>Bar.</span> <span class='ocrx_word' id='word_1_295' title='bbox 1231 4043 1266 4097; x_wconf 80' lang='lat'>20</span> <span class='ocrx_word' id='word_1_296' title='bbox 1288 4043 1357 4110; x_wconf 74' lang='lat' dir='ltr'>fort.</span> 
     </span>
     <span class='ocr_line' id='line_1_35' title="bbox 215 4129 1361 4200; baseline 0 -18"><span class='ocrx_word' id='word_1_297' title='bbox 215 4135 262 4182; x_wconf 50' lang='lat' dir='ltr'>ta&gt;</span> <span class='ocrx_word' id='word_1_298' title='bbox 275 4129 415 4183; x_wconf 86' lang='lat' dir='ltr'>catholicis</span> <span class='ocrx_word' id='word_1_299' title='bbox 487 4131 521 4183; x_wconf 90' lang='grc'>23</span> <span class='ocrx_word' id='word_1_300' title='bbox 541 4145 622 4184; x_wconf 86' lang='lat' dir='ltr'>causa</span> <span class='ocrx_word' id='word_1_301' title='bbox 644 4129 675 4192; x_wconf 78' lang='lat' dir='ltr'>V,</span> <span class='ocrx_word' id='word_1_302' title='bbox 694 4146 763 4184; x_wconf 79' lang='lat' dir='ltr'>corr.</span> <span class='ocrx_word' id='word_1_303' title='bbox 782 4132 851 4184; x_wconf 86' lang='lat' dir='ltr'>Bar.</span> <span class='ocrx_word' id='word_1_304' title='bbox 932 4136 1023 4185; x_wconf 86' lang='lat' dir='ltr'>tamen</span> <span class='ocrx_word' id='word_1_305' title='bbox 1041 4133 1152 4200; x_wconf 67' lang='lat' dir='ltr'>serpsi:</span> <span class='ocrx_word' id='word_1_306' title='bbox 1169 4135 1261 4185; x_wconf 84' lang='lat' dir='ltr'>tamen</span> <span class='ocrx_word' id='word_1_307' title='bbox 1279 4131 1307 4183; x_wconf 90' lang='lat' dir='ltr'>in</span> <span class='ocrx_word' id='word_1_308' title='bbox 1333 4130 1361 4182; x_wconf 88' lang='lat' dir='ltr'><em>V</em></span> 
     </span>
     <span class='ocr_line' id='line_1_36' title="bbox 211 4215 1359 4291; baseline 0.002 -19"><span class='ocrx_word' id='word_1_309' title='bbox 211 4223 349 4272; x_wconf 85' lang='lat' dir='ltr'>reseruata</span> <span class='ocrx_word' id='word_1_310' title='bbox 367 4215 395 4268; x_wconf 87' lang='lat' dir='ltr'>o²</span> <span class='ocrx_word' id='word_1_311' title='bbox 448 4219 482 4272; x_wconf 85' lang='grc'>24</span> <span class='ocrx_word' id='word_1_312' title='bbox 501 4217 578 4271; x_wconf 89' lang='lat' dir='ltr'>nohis</span> <span class='ocrx_word' id='word_1_313' title='bbox 601 4217 633 4280; x_wconf 91' lang='lat' dir='ltr'>V,</span> <span class='ocrx_word' id='word_1_314' title='bbox 653 4234 721 4273; x_wconf 87' lang='lat' dir='ltr'>corr.</span> <span class='ocrx_word' id='word_1_315' title='bbox 735 4219 806 4273; x_wconf 88' lang='lat' dir='ltr'>Bar.</span> <span class='ocrx_word' id='word_1_316' title='bbox 862 4221 895 4273; x_wconf 86' lang='grc'>27</span> <span class='ocrx_word' id='word_1_317' title='bbox 914 4237 1016 4274; x_wconf 87' lang='lat' dir='ltr'>sacram</span> <span class='ocrx_word' id='word_1_318' title='bbox 1033 4219 1068 4291; x_wconf 80' lang='lat' dir='ltr'>p²‚</span> <span class='ocrx_word' id='word_1_319' title='bbox 1080 4220 1172 4274; x_wconf 85' lang='lat' dir='ltr'>&lt;cum&gt;</span> <span class='ocrx_word' id='word_1_320' title='bbox 1184 4237 1260 4274; x_wconf 85' lang='lat' dir='ltr'>sacra</span> <span class='ocrx_word' id='word_1_321' title='bbox 1277 4219 1359 4274; x_wconf 66' lang='lat' dir='ltr'>aaut</span> 
     </span>
     <span class='ocr_line' id='line_1_37' title="bbox 212 4306 1031 4379; baseline 0 -17"><span class='ocrx_word' id='word_1_322' title='bbox 212 4307 246 4362; x_wconf 85' lang='grc'>28</span> <span class='ocrx_word' id='word_1_323' title='bbox 265 4307 415 4378; x_wconf 81' lang='lat' dir='ltr'>perferente</span> <span class='ocrx_word' id='word_1_324' title='bbox 435 4307 473 4378; x_wconf 63' lang='lat'>,⁶²2</span> <span class='ocrx_word' id='word_1_325' title='bbox 492 4306 650 4377; x_wconf 77' lang='lat' dir='ltr'>perferendo</span> <span class='ocrx_word' id='word_1_326' title='bbox 674 4307 700 4361; x_wconf 90' lang='lat' dir='ltr'><em>V</em></span> <span class='ocrx_word' id='word_1_327' title='bbox 769 4326 817 4379; x_wconf 90' lang='lat' dir='ltr'>per</span> <span class='ocrx_word' id='word_1_328' title='bbox 835 4311 921 4363; x_wconf 69' lang='lat' dir='ltr'>Bon:</span> <span class='ocrx_word' id='word_1_329' title='bbox 939 4310 983 4363; x_wconf 89' lang='lat' dir='ltr'>uel</span> <span class='ocrx_word' id='word_1_330' title='bbox 1006 4309 1031 4362; x_wconf 88' lang='lat' dir='ltr'><strong><em>V</em></strong></span> 
     </span>
    </p>
   </div>
   <div class='ocr_carea' id='block_1_4' title="bbox 0 0 1519 4975">
    <p class='ocr_par' dir='ltr' id='par_1_4' title="bbox 0 0 1519 4975">
     <span class='ocr_line' id='line_1_38' title="bbox 0 0 1519 4975; baseline 0 0"><span class='ocrx_word' id='word_1_331' title='bbox 0 0 1519 4975; x_wconf 95' lang='lat' dir='ltr'> </span> 
     </span>
    </p>
   </div>
  </div>
 </body>
</html>
