3025 4975
405 443 491 512 apsa
511 440 657 496 cuxmrn
675 443 693 495 4
713 472 746 481 -
767 440 927 495 ccxxxm
945 442 971 497 4.
1192 444 1256 509 639

135 660 149 703 a
166 639 213 704 deo
236 639 299 703 sibi
324 638 433 701 datum
457 638 638 721 perueniret
656 637 805 712 ostendit,
826 638 987 702 sanctitati
1006 640 1114 701 autem
1132 642 1258 702 uestrae

136 766 162 809 er
188 746 332 811 correctis
365 745 403 809 ab
436 744 527 809 initio
560 745 650 829 regni
682 743 750 809 eius
784 747 816 807 et
848 763 950 827 usque
983 762 1065 809 nunc
1097 744 1259 809 laboribus

136 853 248 917 maxime
283 852 512 925 manifestauit,
545 871 600 934 per
636 870 716 933 quos
753 850 859 916 omnia
896 850 1070 915 catholicae
1107 851 1260 915 ecclesiae

136 961 255 1024 membra
286 960 317 1023 in
350 978 451 1023 unum
485 958 604 1023 domiui
636 962 669 1022 et
701 958 871 1021 saluatoris
903 957 1004 1023 nostri
1035 958 1108 1023 Iesu
1143 957 1262 1023 Christi

116 1085 231 1148 erorpus
260 1085 332 1129 cum
360 1069 505 1148 prompto
533 1065 647 1129 nititur
669 1064 773 1128 animo
799 1065 999 1148 coniungere.
1025 1068 1057 1129 et
1081 1064 1156 1148 quid
1180 1085 1260 1148 opus
1286 1072 1305 1133 2

138 1176 176 1235 est
201 1172 304 1236 uerbis
328 1172 377 1235 uti
400 1171 541 1254 prolixis
566 1171 641 1253 quia
662 1172 757 1235 rebus
781 1171 871 1252 ipsis,
897 1190 1087 1253 quamquam
1111 1191 1169 1237 uos
1193 1174 1261 1239 ueri

137 1280 219 1343 testes
255 1279 388 1343 existere
425 1278 600 1346 ualeamus,
638 1278 735 1342 habet
766 1282 871 1342 tamen
905 1282 936 1343 et
970 1282 1077 1343 uestra
1110 1281 1262 1345 sanct'tas

139 1385 377 1467 experimentum,
393 1384 478 1467 quod
492 1387 525 1448 et
542 1404 598 1467 per
616 1404 650 1448 se
669 1385 738 1466 ipsa
757 1386 931 1467 cognouit?
952 1385 1116 1451 confirmat
1134 1387 1262 1469 quidem

139 1489 209 1567 baec,
230 1491 312 1574 qnod
332 1497 365 1555 et
383 1510 465 1555 nunc
484 1490 620 1555 additur.
640 1510 713 1555 nam
732 1490 871 1574 quidam,
892 1492 947 1574 qui
967 1492 1025 1557 sub
1041 1494 1264 1575 potentissima
1287 1492 1307 1553 3

109 1624 126 1659 a
140 1597 194 1661 cius
213 1618 307 1663 manu
331 1602 416 1675 sunt,
440 1596 754 1681 religiosissimorum
779 1598 979 1663 sacerdotum
998 1619 1034 1663 ex
1054 1598 1263 1665 Orientalium

139 1705 257 1785 partium
283 1704 469 1788 regionibus
496 1722 606 1786 preces
634 1707 840 1786 porrexerunt
863 1704 1011 1770 docentes
1037 1706 1075 1770 de
1098 1706 1159 1783 liis,
1184 1726 1263 1789 quae

139 1812 300 1877 uoluerunt.
328 1830 387 1875 nec
414 1812 475 1875 hoc
502 1810 601 1875 latere
634 1816 775 1874 uestram
808 1812 919 1877 uolens
952 1814 1154 1877 sanctitatem
1187 1814 1264 1878 bene

140 1915 310 1983 deliberabit
330 1921 379 1994 ut,
403 1918 487 1999 quod
514 1918 578 1981 iam
600 1918 721 1981 factum
746 1920 805 1994 est,
830 1919 1042 2001 inpraesenti
1066 1920 1267 1985 denuntiaret

141 2027 249 2089 uestrae
271 2024 435 2089 sanctitati
456 2024 551 2106 paulo
575 2026 650 2105 post
674 2024 712 2088 de
731 2044 768 2089 eo
787 2024 838 2089 his
857 2026 1059 2091 manifestius
1078 2027 1265 2111 significare,

111 2158 128 2195 a
141 2133 170 2192 ut
188 2131 342 2195 communi
367 2130 499 2195 consilio
523 2130 730 2213 praecedente
749 2132 891 2197 omnium
911 2131 1038 2197 domino
1058 2136 1090 2197 et
1108 2133 1266 2198 saluatore

141 2239 233 2302 nostro
257 2238 331 2301 Iesu
361 2236 487 2302 Christo
516 2256 563 2313 ea,
592 2256 671 2319 quae
700 2237 739 2301 ad
767 2238 941 2302 utilitatem
970 2258 1169 2304 communem
1195 2259 1266 2304 con-

141 2342 257 2407 ueniunt
287 2348 319 2409 et
351 2344 491 2425 undique
529 2348 604 2407 sunt
640 2344 942 2427 inreprehensibilis,
981 2345 1154 2409 catholicae
1192 2346 1266 2411 fidei

142 2450 371 2516 comestionibus
391 2452 575 2516 clarescant.
596 2453 750 2534 oportune
770 2451 869 2536 igitur
889 2452 1104 2518 existimantes
1123 2452 1267 2518 fraternis
1291 2459 1312 2522 4

142 2555 241 2623 litteris
267 2563 409 2624 uestram
438 2560 640 2623 sanctitatem
669 2562 702 2624 et
729 2559 902 2624 carissimis
931 2559 1079 2642 alloquiis
1106 2579 1267 2644 rogamus,

108 2666 173 2728 aut
194 2664 289 2730 maius
318 2668 351 2729 et
378 2665 550 2729 instantius
579 2685 633 2746 pro
661 2665 807 2747 piissimo
831 2666 971 2748 principe
995 2669 1102 2732 nostro
1127 2667 1269 2732 omnium

143 2767 286 2836 dominum
315 2773 410 2837 deum
439 2791 525 2838 orare
553 2772 737 2856 dignemini.
767 2793 893 2840 omnem
920 2773 952 2837 in
977 2773 1103 2839 Christo
1128 2774 1269 2839 fraterni·
1334 2835 1335 2840 ,

142 2875 234 2947 tatem
267 2899 346 2962 quae
381 2898 453 2943 cum
486 2882 595 2944 uestra
623 2881 673 2944 est
700 2880 880 2958 sanctitate,
912 2898 970 2964 ego
1000 2899 1125 2964 quoque
1154 2885 1187 2945 et
1215 2881 1268 2962 qui

143 2982 194 3045 mei
214 2985 383 3067 plurimum
407 2988 594 3051 salutamus.
619 3006 658 3049 nr
682 3006 759 3050 mm
777 3006 881 3051 nanu:
900 2987 1071 3052 Incolomis
1090 2986 1122 3050 in
1142 2987 1269 3052 domino

142 3105 188 3150 ora
208 3110 258 3172 pro
280 3093 383 3170 nobis,
407 3091 552 3156 amabilis
577 3092 635 3155 deo
660 3094 692 3155 et
716 3093 919 3157 sanctissime
943 3093 1049 3160 frater.

171 3279 271 3336 tuerbi
293 3283 324 3346 V,
344 3298 414 3337 corr.
434 3302 448 3335 ο
504 3284 568 3352 quia
586 3284 732 3352 temptaui:
752 3285 800 3353 qni
823 3285 861 3352 V‚·
877 3285 1002 3352 sortasse
1021 3290 1085 3353 poet
1104 3284 1182 3338 rebus
1201 3285 1268 3354 ipsis

141 3365 227 3434 aliqua
246 3372 412 3436 exciderant,
430 3388 516 3441 raeque
539 3373 610 3426 enim
631 3389 727 3427 aerem
745 3391 780 3427 rae
800 3374 970 3428 adsentiens
992 3374 1099 3428 Tbielto
1119 3373 1272 3428 arbitranti

143 3461 193 3520 'pro
211 3473 366 3530 quamquam
385 3462 558 3529 interpretem
577 3462 696 3516 dictasse
714 3467 852 3532 tamquam
872 3480 905 3516 aa
926 3463 1033 3516 Graeco
1052 3463 1097 3525 ὡς’
1164 3463 1196 3516 10
1215 3479 1272 3516 ma-

143 3558 185 3595 nos
205 3545 234 3610 V,
251 3565 317 3603 eorr.
337 3567 351 3599 o
391 3551 421 3604 ll
443 3551 523 3620 quael
543 3551 594 3604 boc
610 3551 748 3605 uocabulo
768 3553 869 3605 desinit
887 3552 988 3606 codicis
1006 3551 1032 3604 V
1047 3552 1097 3618 fol.
1118 3554 1182 3614 137,
1202 3567 1271 3618 qua·

142 3633 219 3686 terne
235 3638 311 3692 XIX
314 3659 324 3704 ;
343 3639 482 3707 estquod
500 3638 670 3693 adiunxerat
690 3640 823 3694 librarius
841 3641 941 3707 folium
955 3639 1075 3703 unicum,
1089 3639 1189 3692 accidit
1207 3655 1272 3708 step·

140 3718 276 3792 potaeque
285 3728 404 3795 estfolio
414 3728 557 3782 chartaceo
567 3728 672 3781 caecati
680 3729 779 3781 XVII
788 3729 836 3796 (cs.
848 3729 954 3797 Prolep.
966 3745 1025 3796 cap.
1037 3729 1075 3796 1).
1087 3743 1172 3796 pacare
1181 3728 1212 3780 tra
1221 3728 1274 3782 bac

138 3815 211 3872 carre
227 3817 358 3883 eequimar
376 3816 493 3870 codicem
513 3835 530 3867 a
595 3818 628 3870 14
647 3834 679 3870 ea
698 3837 723 3882 α,
743 3818 849 3872 correxi
914 3817 946 3871 18
966 3817 1137 3870 correctionis
1158 3835 1183 3880 α,
1203 3831 1272 3870 corr.

143 3895 197 3949 edit.
214 3917 261 3970 rep.
317 3905 350 3958 19
371 3904 526 3958 clarissimis
542 3923 567 3967 α,
587 3922 654 3959 corr.
670 3906 733 3960 edit.
752 3923 805 3974 rep.
871 3905 996 3974 alloquiis
1012 3923 1029 3955 α
1048 3910 1112 3958 ante
1130 3921 1273 3958 rasuram.-

142 3983 262 4056 alloquio
284 3999 394 4061 etpost
415 4010 546 4047 rasurum
570 4011 587 4044 α
678 3996 712 4048 22
736 3995 782 4063 qui
807 4011 856 4048 orn.
881 3997 943 4048 Car.
1035 3994 1068 4046 23
1089 3992 1235 4047 incolomes
1256 4013 1273 4045 α
