3025 4975
247 435 311 499 530
578 432 724 486 Hormisda
742 432 843 503 synodo
863 434 939 504 Epiri
958 436 1058 488 ueteris

245 627 349 691 zelum
376 626 542 708 quendam,
574 626 660 710 quali
683 626 797 693 Finees
827 648 861 692 se
890 628 948 693 deo
973 629 1218 707 commendauit,
1245 631 1396 696 ostendit.

246 735 337 798 euius
361 734 406 799 rei
430 734 613 799 memoriam
638 753 698 799 non
724 736 829 799 solum
849 754 910 799 non
930 738 1038 818 potest
1056 740 1183 817 tempus
1203 737 1396 802 abscondere

246 860 357 905 uerum
386 842 481 905 etiam
510 841 547 905 de
577 840 626 905 die
656 840 686 903 in
716 840 800 905 diem
827 860 944 925 magua
971 841 1054 924 apud
1088 842 1277 907 orthodoxos
1310 844 1398 909 lama

245 947 450 1031 multiplicat.
475 947 587 1011 horum
612 948 718 1013 studia
743 948 791 1012 sic
813 948 946 1029 probata
973 949 1141 1033 neglegere
1165 953 1198 1013 et
1221 951 1397 1015 sententias

245 1074 305 1119 non
331 1073 434 1119 amare
457 1054 490 1118 id
509 1058 559 1118 est
578 1055 609 1117 in
629 1055 699 1136 ipsa
718 1054 838 1118 domini
857 1056 958 1120 nostri
978 1056 1176 1121 confessione
1200 1057 1395 1139 delinquere.
1427 1084 1440 1123 s

202 1154 221 1217 5
246 1164 278 1225 et
306 1162 396 1226 nobis
427 1160 554 1243 quidem
583 1180 666 1225 nuno
694 1164 768 1244 post
795 1160 1023 1244 professionem
1052 1181 1089 1227 ao
1116 1163 1239 1229 litteras
1267 1168 1395 1230 uestras

246 1268 352 1332 omnia
373 1267 447 1331 fidei
478 1268 627 1352 dogmata
651 1268 708 1332 deo
733 1287 809 1332 suos
838 1268 1049 1353 coniungente
1077 1268 1211 1335 similia:
1240 1270 1395 1335 orandum

246 1378 305 1451 est,
330 1378 367 1440 ut
389 1375 420 1439 in
445 1394 481 1439 ea
510 1375 659 1440 uoluntas
684 1378 803 1451 uestra,
832 1394 895 1457 qua
921 1379 1047 1440 nostros
1075 1376 1196 1440 animos
1223 1378 1394 1456 releuauit,

246 1482 443 1547 consessione
471 1485 663 1565 permaneat.
693 1480 750 1545 sed
774 1500 854 1565 opus
880 1485 929 1546 est
952 1482 1031 1546 citra
1057 1486 1239 1565 respectum
1266 1484 1394 1549 timoris

244 1588 393 1653 insectari
426 1608 535 1652 eorum
566 1588 696 1665 rabiem,
730 1588 784 1670 qui
813 1587 887 1651 fidei
917 1587 1052 1653 aduersa
1078 1589 1239 1667 nituntur;
1274 1594 1394 1672 quanto
1417 1621 1441 1659 n

245 1696 329 1759 enim
356 1694 531 1758 infidelium
555 1713 640 1758 error
669 1696 842 1770 exaestuat,
871 1697 959 1758 tanto
988 1694 1091 1779 magis
1121 1714 1165 1771 se,
1195 1696 1223 1759 si
1250 1696 1394 1772 resistat,

244 1802 398 1867 securitas
419 1804 526 1865 nostra
545 1800 754 1866 commendat.
780 1800 986 1881 nequeenim
1007 1802 1083 1865 haec
1105 1803 1178 1865 sunt
1196 1820 1253 1883 per
1270 1803 1394 1885 patien-

243 1906 321 1970 tiam
345 1907 551 1990 neglegenda,
577 1906 701 1989 quando
726 1906 847 1969 malum
875 1906 936 1970 hoc
964 1906 1046 1971 uitio
1074 1926 1190 1989 prauae
1221 1912 1395 1973 consuetu-

244 2013 326 2078 dinis
349 2014 523 2077 animatum
548 2013 632 2097 apud
651 2014 757 2096 plures
783 2013 842 2077 sub
862 2013 999 2095 quodam
1019 2014 1123 2078 colore
1143 2013 1225 2097 legis
1245 2014 1393 2089 inoleuit,

244 2120 319 2185 dum
357 2123 412 2183 aut
444 2139 542 2201 praua
578 2119 685 2184 studia
721 2120 752 2183 in
791 2140 889 2184 unum
927 2122 1108 2203 congruunt
1144 2123 1201 2184 ant
1235 2124 1323 2185 recta
1356 2141 1394 2186 sc
1414 2152 1437 2190 ιε

199 2220 445 2291 fisubtrahunt.
504 2246 577 2289 nam
614 2227 651 2289 ut
693 2245 763 2290 eam
806 2245 886 2308 quae
927 2226 1074 2289 imminet
1109 2245 1173 2289 rem
1212 2229 1394 2309 loquamur,

243 2332 404 2417 Eutyches
433 2334 470 2396 ut
501 2332 653 2396 nefandae
681 2333 822 2396 haeresis
852 2333 997 2397 inuentor
1024 2332 1203 2397 excluditur
1230 2334 1327 2397 etiam
1351 2334 1394 2399 ab

243 2440 304 2520 liis,
334 2458 351 2504 a
379 2440 495 2523 quibus
529 2439 598 2504 eius
632 2438 782 2524 dogmata
815 2438 1001 2523 diliguntur,
1035 2438 1118 2523 apud
1148 2458 1201 2504 eos
1229 2439 1316 2524 ipsos
1344 2442 1394 2506 ita

243 2567 356 2612 exosus
388 2551 482 2630 atque
514 2546 695 2631 fugiendus,
724 2549 762 2610 ut
793 2547 930 2610 nominis
961 2564 1088 2629 quoque
1126 2547 1227 2629 ipsius
1266 2547 1394 2613 oderint

241 2654 450 2731 mentionem3
479 2653 535 2718 sed
557 2653 699 2736 peruersi
726 2653 948 2736 religiosarum
971 2653 1211 2717 inst'tutionum
1238 2654 1392 2733 ministri,
1411 2689 1438 2729 ao

239 2781 336 2844 quem
369 2761 454 2825 sicut
489 2780 601 2826 uerum
638 2759 837 2825 detestantur
873 2759 1078 2836 haereticum,
1112 2761 1197 2824 hunc
1235 2761 1298 2825 alia
1334 2762 1393 2827 uia

238 2873 402 2951 tamquam
428 2887 538 2931 uerum
561 2869 780 2952 amplexantur
804 2867 1024 2932 orthodoxum.
1049 2867 1208 2950 siquidem
1227 2867 1258 2931 in
1278 2873 1392 2934 sancta

238 2973 490 3040 Chalcedonensi
514 2975 633 3057 synodo
656 2974 831 3038 Dioscorus
856 2973 966 3037 eadem
1001 2973 1142 3037 sentiens
1170 2974 1239 3056 pari
1265 2975 1391 3040 ratione

241 3081 409 3145 damnatus
434 3085 483 3146 est
507 3082 547 3156 et,
577 3099 650 3144 cum
673 3100 736 3144 una
759 3084 929 3162 persecuta
953 3077 997 3143 sit
1018 3084 1190 3162 utrumque
1219 3081 1390 3159 sententia,
1495 3118 1496 3178 q

240 3188 352 3252 horum
386 3188 519 3251 alterum
554 3186 581 3250 si
610 3187 681 3269 quis
716 3188 866 3268 sequatur
898 3187 954 3249 aut
986 3185 1108 3269 diligat,
1143 3187 1228 3251 dicat
1260 3187 1391 3268 aliquis,
1410 3222 1435 3262 25
1494 3208 1495 3269 q

237 3293 506 3376 quemadmodum
546 3313 580 3356 se
613 3313 631 3357 a
664 3292 833 3369 sententia,
871 3311 950 3374 quae
990 3292 1174 3375 designatos
1214 3293 1391 3373 damnauit,
1493 3282 1494 3359 l

236 3399 384 3481 excipiat,
410 3419 482 3463 cum
507 3418 571 3478 eos,
597 3418 677 3482 quos
697 3399 958 3482 transgressionis
978 3402 1034 3462 aut
1051 3399 1228 3481 impietatis
1248 3403 1392 3465 conectit

241 3506 425 3588 aequalitas,
459 3506 525 3569 sine
555 3505 650 3570 dubio
684 3524 783 3569 unum
817 3523 942 3587 quoque
975 3505 1141 3569 uinculum
1175 3505 1389 3572 damnationis

196 3607 215 3671 7
242 3613 427 3694 adstringat.
484 3613 668 3677 Timotheus
703 3614 735 3676 et
762 3613 877 3676 Petrus
911 3611 1023 3675 liorum
1057 3631 1209 3692 sequaces
1241 3611 1390 3677 homiues

240 3723 345 3784 mente
365 3720 504 3802 corrupti
523 3721 555 3782 et
573 3719 673 3801 pestis
694 3717 848 3800 quaedam
867 3718 1003 3782 nominis
1020 3717 1206 3783 detestanda
1221 3718 1389 3784 catholici:

331 3965 343 4017 l
366 3963 398 4017 cl.
417 3962 498 4016 Num.
517 3965 560 4024 25,
583 3960 615 4016 ll

278 4089 290 4141 l
311 4088 363 4140 fine
378 4104 436 4140 esse
451 4087 482 4147 V,
493 4102 561 4140 corr.
572 4086 598 4156 p²
634 4089 650 4140 5
663 4085 691 4138 id
707 4089 748 4140 est
762 4086 854 4140 Tuiez:
869 4086 940 4140 idem
955 4092 997 4140 cst
1011 4087 1038 4140 V
1071 4089 1177 4158 l<per>
1191 4089 1282 4143 omnia
1296 4088 1387 4149 Tucci.

240 4176 347 4230 omnia.
359 4175 503 4244 ‚dogmata
516 4177 707 4228 <uenerantcs>
721 4216 728 4228 .
744 4217 750 4228 .
766 4175 893 4229 similiter
910 4177 986 4229 Ball.
1010 4175 1096 4230 Taua.
1182 4178 1199 4230 8
1218 4183 1326 4232 nostros
1346 4177 1386 4246 ,0²1

239 4283 288 4319 nos
313 4265 337 4317 V
392 4265 423 4318 13
442 4265 512 4317 malo
537 4263 567 4326 V,
588 4279 655 4318 corr.
675 4264 745 4317 Bar.
804 4265 837 4318 18
857 4263 1014 4333 deliguntur
1033 4265 1064 4326 V,
1083 4281 1152 4321 corr.
1172 4265 1199 4318 ο2
1253 4267 1288 4321 23
1307 4285 1386 4322 scen·

239 4355 309 4408 tiens
334 4352 357 4406 V
412 4353 444 4406 26
464 4353 570 4406 scancia
593 4353 623 4418 V,
644 4368 711 4406 corr.
733 4351 761 4403 ο2
