3025 4975
476 461 562 530 apansa.
583 459 739 515 cornuin
760 460 857 513 s-no.
1182 460 1246 523 nos

131 657 258 738 passione,
278 657 457 723 transferre.
478 675 577 720 unum
598 659 647 720 est
661 657 771 719 sancta
785 656 923 720 trinitas.
938 675 1000 719 uon
1015 654 1250 738 multiplicatur
1282 649 1301 737 8

131 783 242 840 numero,
276 784 337 828 non
372 765 488 828 crescit
521 765 690 848 augmento
723 781 781 826 uec
813 767 920 844 potest
948 765 1004 827 aut
1030 761 1250 846 intellegentia

132 871 326 952 connprebendi
350 874 405 935 ant
428 871 488 935 boc
514 869 598 952 qnod
622 870 700 934 deus
726 873 775 933 est
799 870 989 934 discretione
1014 869 1150 953 seiungi.
1178 867 1250 950 quis

131 995 184 1060 engo
206 979 253 1043 illi
278 981 397 1043 secreto
423 983 565 1042 aeternae
589 977 904 1060 impenetrabilisque
924 976 1139 1057 substantiae,
1165 974 1252 1056 quod

32 1089 33 1126 ἒ
108 1101 206 1166 sueque
238 1085 305 1150 ulla
336 1086 388 1150 uel
421 1084 634 1148 inuisibilium
668 1089 882 1148 creaturarum
917 1084 1024 1167 potnit
1055 1083 1251 1166 inuestigare

129 1195 224 1270 natura,
248 1193 412 1274 profanam
437 1192 628 1256 diuisionem
652 1194 789 1273 temptet
806 1192 950 1274 ingerere
970 1194 1003 1255 et
1021 1191 1122 1255 diuini
1140 1208 1252 1254 arcana

130 1301 247 1378 npsterii
288 1319 437 1364 reuocare
479 1299 517 1362 ad
560 1299 719 1363 caleulum
756 1299 854 1363 monis
892 1299 1046 1362 humani?
1084 1297 1251 1361 adoremus

128 1407 226 1482 patrem
250 1405 408 1470 etlilium
432 1409 464 1470 et
487 1406 636 1488 spiritum
661 1408 817 1477 sanctum,
842 1405 1061 1469 indistinctam
1089 1403 1251 1479 distincte,

128 1509 445 1594 inconprehensibilem
464 1517 496 1576 et
514 1511 753 1576 inenarrabilem
779 1511 991 1576 substantiam
1014 1510 1178 1587 trinitatis,
1197 1510 1252 1574 nbi

99 1619 173 1682 netsi
200 1619 343 1682 admittit
373 1637 539 1682 nnmerum
568 1617 647 1682 ratio
676 1637 893 1700 personarum,
922 1617 1027 1680 unitas
1055 1621 1162 1680 tamen
1191 1635 1252 1680 non

128 1723 248 1789 admittit
280 1725 446 1800 essentiae,
480 1725 525 1788 ita
556 1727 672 1792 tannen.
707 1728 743 1789 ut
776 1744 940 1788 seruemns
974 1722 1099 1787 diuinae
1128 1722 1254 1805 propria

127 1837 244 1909 naturae,
270 1850 435 1896 sernemus
459 1830 585 1912 propria
603 1831 774 1912 unicnique
794 1849 956 1913 personae,
976 1834 1012 1894 ut
1032 1848 1088 1894 neo
1108 1829 1253 1911 personis

128 1935 286 2002 diuinitatis
312 1937 516 2022 singularitas
541 1937 712 2020 denegetur
736 1957 793 2001 nec
816 1937 855 2000 ad
879 1937 1050 2001 essentiam
1074 1937 1144 2011 hoc,
1170 1935 1254 2019 quod

127 2052 163 2108 cst
185 2045 346 2128 proprium
376 2044 546 2122 nominum,
576 2045 794 2108 transferatur.
823 2063 972 2127 magnum
998 2047 1048 2108 est
1071 2047 1199 2107 sanctae
1223 2047 1255 2106 et
1287 2039 1306 2100 9

98 2149 426 2234 ninoomprehensibile
446 2151 634 2232 mysterium
654 2151 823 2214 trinitatis:
844 2151 921 2214 dens
941 2154 1039 2235 pater,
1060 2150 1138 2214 deus
1157 2149 1253 2214 tilius.

126 2255 188 2322 deus
216 2259 349 2341 spiritns
378 2261 507 2322 sanctus
536 2257 661 2322 trinitas
690 2257 840 2335 indiuisa,
870 2262 901 2321 et
929 2261 1033 2322 tamen
1058 2262 1170 2321 uotum
1194 2259 1253 2329 est,

127 2366 187 2445 quia
211 2365 373 2448 proprium
403 2368 451 2428 est
479 2363 589 2447 patris,
619 2367 655 2428 nt
684 2369 847 2446 generaret
875 2364 986 2441 lilium,
1010 2365 1173 2448 proprium
1196 2364 1255 2428 tilii

127 2469 176 2545 dei,
201 2479 236 2537 nt
259 2494 296 2538 ex
317 2474 408 2555 patre
432 2471 516 2553 patri
539 2476 722 2537 nasceretur
745 2472 897 2555 aequalis,
923 2475 1033 2537 notum
1058 2472 1154 2537 etiarn
1178 2471 1255 2555 quid

127 2577 160 2641 sit
181 2580 338 2661 proprium
363 2578 495 2660 spiritus
517 2580 629 2643 sancti.
649 2581 809 2661 proprium
830 2585 936 2644 autem
955 2580 1014 2643 lilii
1033 2580 1094 2656 dei,
1114 2583 1150 2644 ut
1168 2580 1255 2643 iuxta
1269 2575 1308 2637 lo

94 2683 160 2757 aoid
183 2687 262 2767 quod
287 2686 441 2767 scriptum
466 2690 524 2761 est,
549 2684 581 2748 in
605 2686 791 2749 uouissinuis
815 2687 1012 2769 temporibus
1031 2686 1163 2750 uerbum
1184 2703 1255 2750 caro

124 2788 201 2855 fieret
227 2796 256 2857 et
285 2793 443 2857 habitaret
470 2794 502 2855 in
529 2792 632 2869 nobis,
661 2792 707 2856 ita
730 2792 813 2855 intra
836 2792 959 2855 uiscera
983 2796 1111 2857 sanctae
1135 2792 1255 2855 Mariae

125 2896 243 2981 uirginis
272 2900 437 2983 genitricis
467 2899 517 2963 dei
545 2898 645 2963 unitis
674 2900 819 2980 utrisque
849 2900 915 2963 sine
940 2900 1045 2981 aliqua
1070 2899 1256 2964 contorsione

202 3020 310 3077 201011.
332 3023 355 3083 1,
378 3024 411 3075 14

157 3126 261 3181 lunum
286 3128 392 3195 VHo'sp.
413 3133 438 3181 et
461 3127 538 3181 codd.
558 3127 590 3180 H
612 3132 744 3195 quotquot
763 3129 881 3181 exesum:
900 3144 968 3180 nnus
983 3127 1076 3181 Paria.
1094 3132 1175 3181 3837
1193 3134 1258 3181 teate

129 3211 222 3268 Tlrielo'o
292 3216 519 3285 multiplicabitur
535 3215 627 3268 b¹b²lr³
680 3216 835 3285 3aeiungit
852 3214 1077 3269 o¹n²o³o⁶o⁷o¹⁰a²
1130 3217 1213 3269 dille
1227 3215 1260 3269 Η

127 3305 240 3371 tercentis
256 3302 327 3372 b⁸b⁹)
383 3312 502 3359 secretae
514 3346 519 3357 .
532 3346 537 3357 .
549 3304 803 3374 impenetrabilique
825 3305 910 3359 Gouz,
967 3308 982 3359 5
995 3305 1176 3374 <nisibilium>
1190 3306 1259 3358 ueli

126 3388 305 3458 tpnofanandi
323 3394 456 3447 nisionem
480 3394 503 3445 V
575 3411 667 3462 gerere
689 3394 775 3447 Gouz.
854 3394 947 3447 diuina
965 3392 999 3447 H
1016 3394 1142 3460 (exceptis
1155 3392 1258 3452 ln⁸o⁰d²p

127 3479 227 3535 archana
251 3482 307 3537 ΓΗ
396 3485 429 3537 10
449 3482 500 3535 etsi
524 3482 646 3550 VHo'ap..·
665 3483 688 3535 si
707 3483 738 3536 Η
810 3482 935 3536 admittit
953 3484 1009 3536 Hi:
1027 3482 1136 3535 admitti
1159 3480 1190 3542 V,
1210 3482 1258 3535 ad·

127 3568 206 3622 mittat
221 3570 304 3626 Goue.
345 3573 374 3625 11
393 3572 497 3625 amittit
514 3570 598 3625 Goua.
655 3572 789 3625 essentiae
807 3570 1011 3624 walbodone
1029 3571 1149 3623 essentia
1159 3570 1258 3628 b¹lr²lr³,

127 3660 217 3712 scentia
229 3660 266 3720 11⁶,
286 3660 431 3715 essentiam
447 3661 529 3729 Hesp.
550 3666 614 3714 testa
635 3660 801 3715 Gouaalezio
820 3666 845 3715 et
863 3660 894 3713 la⁸
911 3676 960 3714 uec
977 3676 1035 3714 uon
1054 3664 1119 3713 ante
1137 3676 1205 3713 cor-r.
1220 3659 1259 3724 bl,

127 3750 245 3802 essentiae
264 3750 460 3819 separationem
480 3749 631 3817 Hispanae
649 3750 706 3803 cod.
727 3748 941 3803 Acutiliauensa's
965 3766 983 3801 a
1008 3749 1093 3802 Gerre.
1118 3748 1261 3801 adbibitus

127 3836 173 3887 ua·
247 3838 619 3906 menelaumque
700 3840 732 3892 13
753 3838 903 3907 denegetur
926 3838 1049 3905 Vllum:
1067 3841 1212 3906 generetur
1230 3836 1264 3889 H

129 3922 156 3975 14
176 3931 292 3980 sanctum
319 3926 404 3981 Gerra.
498 3928 530 3980 17
555 3930 597 3980 ost
619 3928 701 3995 Hiap.
725 3926 797 3981 lule:
822 3943 872 3981 orn.
898 3927 969 3981 Vct
994 3928 1122 3995 leccqnta'a
1139 3924 1210 3993 b³b⁹p
1230 3924 1263 3979 Η

127 4014 152 4062 ut
169 4018 304 4081 generaret
316 4016 401 4069 lilium
415 4016 550 4084 proprium
561 4016 689 4085 Hispali:
709 4033 760 4069 oon.
775 4016 831 4069 Vn*
868 4016 901 4068 18
921 4016 1027 4084 aequali
1037 4014 1263 4068 lo¹o²o³o⁰o³o¹⁰d²

126 4104 208 4155 notum
227 4104 307 4157 etiarn
327 4103 394 4173 quid
413 4104 496 4173 (quod
514 4104 551 4161 12⁵.
572 4121 622 4173 que
642 4104 711 4171 nelo)
733 4106 770 4158 sit
791 4107 929 4175 proprium
954 4104 1064 4173 spiritua
1084 4105 1172 4157 sancti
1197 4102 1267 4155 ΓΗ.-

126 4192 250 4258 proprium
272 4193 385 4262 spiritus
410 4193 497 4246 sancti
520 4196 552 4245 ut
575 4193 607 4247 de
632 4199 708 4264 patre
729 4199 757 4247 et
782 4194 838 4247 tilio
862 4193 1019 4264 procederet
1042 4193 1092 4246 sub
1118 4209 1173 4245 nna
1197 4191 1261 4245 snb·

127 4281 217 4333 stantia
238 4280 349 4335 deitatis
369 4281 451 4350 Hispa
472 4287 497 4335 et
519 4281 550 4335 tu
573 4298 630 4337 raa.
654 4282 684 4335 ln⁷
707 4300 780 4337 mara.
804 4288 824 4336 2
849 4284 942 4344 letiam
965 4288 1068 4336 ueteres
1090 4280 1265 4334 Hadrianus

126 4364 190 4433 edd.)
244 4371 275 4425 19
295 4376 387 4423 auteur
412 4368 479 4423 VH:
499 4386 606 4441 quoque
625 4372 707 4440 Hispa.
766 4373 799 4424 19
819 4371 862 4425 dei
881 4386 932 4424 om.
955 4372 1041 4424 dona.

173 4493 248 4533 rrxn
263 4507 315 4546 para
330 4500 351 4538 e.
1154 4474 1191 4527 46
