3025 4975
214 398 279 462 542
560 392 706 448 Horruisda
724 396 868 449 Anastasio
887 394 1012 466 Augusto

210 590 249 655 ne
276 589 370 654 facile
397 591 491 671 putet
517 590 628 652 uestra
660 586 830 650 clementia
857 586 965 650 Aeacii
996 587 1256 670 praetereundam
1291 608 1363 655 esse

210 716 386 783 personam.
420 714 521 759 nonne
550 694 604 758 ille
633 696 682 757 est
708 692 857 769 Aeacius,
890 693 944 774 qui
977 712 1074 759 caeno
1102 694 1190 758 Petri
1213 696 1362 760 Dioscori

211 808 244 868 et
261 804 449 887 Eutychetis
473 802 621 885 dogmate
645 803 678 864 et
701 799 922 865 communione
941 800 1067 882 polluti,
1087 800 1163 864 dum
1183 803 1363 884 copulatur,

210 912 367 977 inmersus
397 910 456 988 est,
488 910 577 973 illius
610 907 773 971 sustinens
805 906 837 969 in
866 906 1127 972 condemnatione
1155 910 1363 992 supplicium,

211 1018 302 1083 euius
327 1015 425 1100 elegit
448 1016 478 1079 in
504 1013 726 1080 communione
751 1012 971 1077 consortium?
1004 1014 1058 1093 qui
1086 1014 1205 1078 uiritim
1234 1018 1365 1098 propter
1395 1046 1408 1083 ⁵

210 1125 390 1206 impietates
430 1142 504 1187 sues
540 1121 653 1185 horum
692 1119 837 1203 singulos
874 1118 952 1197 odit,
984 1121 1017 1184 et
1047 1120 1078 1183 in
1111 1121 1175 1185 illis
1206 1122 1363 1186 Acacium

180 1232 340 1295 8necessc
371 1233 420 1294 est
448 1228 550 1293 oderit
579 1231 611 1291 et
639 1245 749 1291 omnes
779 1226 810 1289 in
833 1226 950 1291 Acacio
978 1245 1041 1291 non
1069 1227 1199 1291 amabit.
1237 1228 1276 1292 ab
1304 1228 1362 1292 illo

210 1358 267 1421 per
294 1336 469 1401 Orientales
499 1334 651 1399 ecclesias
684 1334 878 1397 fermentum
909 1334 1034 1397 nefandi
1066 1333 1179 1398 erroris
1208 1334 1362 1411 inoleuit3

209 1444 283 1509 inde
305 1442 532 1507 Alexandrinae
556 1440 704 1523 perfidiae
729 1458 766 1505 eo
789 1458 892 1522 usque
914 1440 1035 1503 nutrita
1057 1441 1214 1523 superbia,
1238 1445 1362 1505 utnon

212 1551 404 1633 acquiescat,
429 1548 513 1612 sient
541 1547 727 1631 scripsistis,
756 1546 826 1610 eius
854 1546 1011 1610 mandatis
1039 1546 1242 1626 salutaribus,
1267 1548 1362 1612 euius
1381 1584 1407 1624 ro

211 1657 385 1721 famulatur
412 1654 564 1736 imperiis,
593 1656 625 1717 et
651 1653 683 1717 in
713 1667 815 1717 errore
839 1652 1023 1718 declinando
1047 1673 1109 1718 uon
1133 1657 1285 1735 sequatur
1307 1654 1362 1718 ad·

120 1846 123 1850 Ι
211 1762 428 1839 monitionem,
468 1762 558 1825 ouius
590 1761 622 1824 in
656 1759 786 1843 agendis
822 1759 917 1823 rebus
955 1760 1113 1841 experitur
1149 1760 1210 1824 sibi
1246 1760 1366 1824 utilem'

180 1872 413 1953 9potestatem.
451 1868 535 1933 unde
560 1870 592 1931 et
618 1867 736 1931 maiore
759 1865 945 1931 huiusmodi
967 1866 1112 1931 homines
1136 1868 1285 1931 conuenit
1308 1866 1363 1931 de·

210 1975 383 2041 testatione
416 1975 521 2051 uitari,
551 1974 635 2056 quia,
665 1992 745 2055 quae
776 1972 888 2037 docere
915 1972 1101 2050 debuerunt,
1130 1958 1290 2038 nee'dum
1320 1974 1360 2037 ab
1498 2045 1499 2050 ἵ

212 2082 283 2147 aliis
299 2082 501 2147 instruuntur
515 2080 697 2159 adsumunt,
714 2083 897 2163 spernentes
911 2080 943 2143 in
959 2080 1009 2145 his
1023 2080 1208 2163 imperantis
1227 2079 1360 2155 monita,
1380 2114 1406 2154 1⁵
1498 2131 1499 2136 ,

211 2189 242 2253 in
267 2190 383 2271 quibus
406 2192 532 2253 tanturn
554 2207 615 2253 non
638 2187 743 2252 timeri
766 2187 916 2251 iubentur
936 2188 1079 2268 imperia,
1103 2191 1135 2252 et
1155 2187 1360 2251 immemores

212 2295 391 2360 deuotionis
416 2298 524 2359 ooutm
547 2295 684 2358 salutem
708 2293 840 2371 animae,
860 2312 940 2376 quos
959 2296 1162 2358 contumaces
1181 2313 1250 2357 esse
1269 2312 1361 2374 opor-

159 2402 275 2469 rotun
297 2420 353 2485 pro
377 2402 491 2465 salute.
551 2399 608 2465 hos
632 2400 793 2464 mentibus
816 2400 949 2483 perditis
973 2420 1070 2465 ausus
1093 2400 1229 2465 nutriuit
1249 2399 1361 2464 Aeacii

211 2527 283 2573 cum
316 2508 445 2591 perfidis
477 2508 587 2572 iuncta
619 2507 800 2572 communio
833 2513 929 2589 atque
960 2508 1032 2572 ideo
1065 2508 1281 2573 aestimandos
1309 2513 1362 2573 est

210 2615 347 2680 auctoris
381 2615 461 2692 loco,
494 2615 588 2678 'euius
626 2615 757 2698 grauius
789 2618 940 2696 peccatur
971 2615 1123 2698 exemplo.
1163 2614 1243 2679 nihil
1274 2614 1359 2678 enim
1377 2653 1404 2692 so
1498 2688 1499 2695 ἵ

210 2721 290 2786 uitia
316 2722 420 2805 magis
450 2740 543 2802 quam
569 2721 708 2785 imitatio
736 2721 835 2794 fouet,
864 2719 939 2783 dnm
968 2721 1139 2785 ereduntur
1160 2741 1221 2786 non
1243 2721 1361 2803 impro-

209 2827 313 2892 banda
342 2846 422 2906 esse,
452 2827 491 2892 ad
521 2846 600 2910 quae
630 2826 683 2891 alii
712 2845 838 2908 quoque
865 2826 1015 2890 uidentur
1041 2827 1200 2892 accedere.
1236 2827 1361 2911 fragilis

211 2938 259 2998 est
283 2938 314 2998 et
338 2933 458 2999 caduca
480 2934 675 3009 mortalitas3
705 2933 759 2997 uir
781 2933 919 2997 nefariae
944 2933 1153 3016 cogitationes
1176 2933 1251 2998 dum
1276 2953 1362 2998 com-

210 3041 390 3123 primuntur
421 3040 590 3105 intereunt.
628 3041 712 3104 iacet
744 3058 838 3121 saepe
867 3058 974 3103 semen
1002 3040 1128 3103 noxium
1156 3040 1215 3104 sub
1242 3043 1362 3104 terrore

210 3166 267 3211 nee
296 3147 419 3225 deficit3
447 3148 549 3212 latum
576 3147 688 3230 pandit
715 3146 973 3229 delinquentibus
1007 3147 1139 3223 aditum,
1169 3147 1223 3229 qui
1253 3147 1362 3230 iungit
1379 3185 1405 3224 25

159 3260 197 3323 11
211 3273 283 3318 cum
307 3254 462 3336 prauitate
487 3273 687 3319 consensum.
748 3253 883 3331 utinam,
908 3253 1154 3318 clementissime
1176 3254 1361 3343 imperator³

210 3361 291 3424 inter
322 3360 392 3442 ipsa
424 3360 617 3442 apostolieae
646 3359 855 3424 districtionis
883 3359 975 3423 initia
1003 3358 1179 3425 Orientales
1208 3361 1362 3425 ecclesiae

210 3467 319 3532 Aeacii
343 3467 490 3550 contagia
513 3467 647 3532 nefanda
670 3467 844 3531 uitassent!
879 3485 939 3530 non
968 3486 1024 3549 per
1049 3468 1171 3531 multos
1198 3485 1283 3530 error
1304 3466 1362 3531 ille

302 3695 334 3747 16
354 3693 387 3747 cl.
406 3693 505 3748 Matth.
526 3695 567 3757 10,
588 3694 622 3748 28

246 3862 263 3914 2
281 3827 358 3930 petrei
382 3860 408 3913 V
492 3863 508 3915 3
528 3861 768 3916 eornruu‘ruunione
791 3862 824 3928 V,
843 3879 912 3917 corr.
933 3880 946 3931 ρ
1029 3864 1044 3916 7
1065 3863 1167 3916 amauit
1190 3861 1223 3926 V,
1242 3863 1362 3916 correxi:

211 3951 309 4002 amarit
327 3949 397 4007 Bar.
462 3950 590 4004 Snefudi
617 3950 644 4012 V,
664 3967 732 4004 corr.
753 3949 781 4001 ο2
843 3951 992 4020 9periidei
1014 3951 1046 4014 V,
1065 3967 1169 4005 corno
1231 3951 1264 4004 13
1281 3954 1362 4020 pote·

211 4041 283 4092 state
307 4038 337 4101 V,
357 4055 458 4093 corno
500 4039 535 4091 22
555 4039 587 4092 ad
609 4056 676 4108 quae
697 4038 735 4093 0²:
756 4041 886 4108 atqueV
939 4039 1032 4109 fragili
1055 4039 1087 4104 V,
1107 4056 1210 4094 corno
1253 4041 1288 4093 24
1306 4045 1362 4094 ter·

211 4143 270 4180 rore
293 4126 320 4178 V
333 4128 383 4181 reia
401 4133 483 4180 recte:
503 4143 590 4180 errore
609 4127 688 4191 Bar,
708 4133 817 4198 torpore
836 4128 940 4182 Hartel
1021 4129 1055 4181 26
1080 4129 1216 4196 pronitate
1240 4127 1273 4189 V.
1292 4144 1363 4182 corr.

215 4215 308 4268 Tota:
326 4213 500 4285 improbitate
519 4217 546 4266 ο2
632 4233 764 4270 consensu
788 4216 819 4282 V,
839 4234 907 4275 corr.
927 4237 941 4268 o
1024 4217 1231 4271 clementissime
1249 4217 1362 4284 scripsi:

210 4304 417 4374 imparatissiure
442 4305 473 4368 V,
492 4305 670 4358 inuictissiruc
692 4306 756 4360 Car.
