3025 4975
501 473 590 545 Epist.
609 471 810 530 ccxxxxuu
828 475 906 530 2-8.
1212 480 1275 543 745

140 670 290 751 praefatae
314 669 430 734 uiduae
453 673 582 751 propter·
604 668 742 752 inopiam
768 668 908 733 difficilis
928 671 997 733 erat
1014 669 1128 733 horum
1146 689 1276 751 prorsus

140 777 291 851 inuenti03
325 795 447 854 uerum,
481 777 566 840 sicut
598 775 646 840 illi
678 795 733 858 per
765 774 1020 840 benedictionem
1052 776 1195 840 miranda
1226 796 1276 841 res

140 883 248 948 accidit
264 887 298 948 et
312 881 524 948 Samaritanae
539 902 594 966 pro
611 895 742 965 <a>qna
757 882 902 947 sensibili
921 884 1145 966 mysteriorum
1160 883 1279 949 domini

139 1009 247 1054 munins
268 993 441 1068 ostensum,
461 991 507 1055 sic
531 990 622 1055 nobis
646 990 830 1062 <mi>nimis
851 990 1005 1072 sapientia
1028 994 1123 1072 atque
1147 991 1280 1056 scientia

118 1102 166 1160 aet
189 1115 332 1162 sermone
357 1097 542 1162 constitutis
567 1097 707 1179 undique
731 1097 869 1162 facultas
894 1101 945 1162 est
962 1098 1117 1162 attributa
1134 1099 1226 1162 uelut
1245 1117 1280 1162 er

141 1205 244 1268 multis
286 1203 442 1268 imbribus
484 1203 582 1268 fertili
623 1204 771 1288 largitate
814 1203 939 1269 diffusis
979 1204 1092 1268 Heliae
1132 1204 1280 1286 precibus

142 1312 331 1393 aliorumque
368 1309 604 1394 prophetarum,
648 1330 783 1394 quorum
823 1314 861 1376 tu
901 1311 988 1375 filius
1030 1311 1207 1394 discipulus
1249 1315 1282 1374 et

143 1435 300 1482 successor
338 1416 528 1482 uenerabilis
562 1418 757 1500 approbaris,
791 1418 950 1500 accipiens
983 1436 1082 1500 aeque
1115 1421 1152 1482 ut
1183 1417 1232 1481 illi
1264 1438 1282 1482 a

143 1523 260 1588 domiuo
295 1523 430 1606 gratiam
465 1543 598 1607 eamque
631 1524 723 1589 nobis
757 1525 952 1589 orationibus
990 1524 1055 1589 tuis
1084 1524 1280 1608 impertiens,

110 1629 219 1694 nounde
250 1630 315 1694 iam
350 1630 388 1694 de
421 1631 470 1695 his
503 1631 653 1714 incipiam
688 1631 802 1709 dicere,
831 1632 969 1714 primum
999 1631 1125 1713 quidem
1155 1627 1325 1696 ueniamfi

142 1755 269 1816 poscens
299 1741 331 1801 ot
360 1737 516 1820 propositi
544 1739 607 1803 mei
637 1738 782 1803 studium
809 1738 1015 1820 patefaciens,
1043 1738 1120 1802 licet
1141 1737 1281 1803 inualido

143 1842 367 1909 dissertationis
390 1845 512 1927 possim
535 1846 651 1910 referre
675 1864 862 1910 sermonem.

180 1948 237 2012 Est
256 1967 330 2032 ergo
350 1949 471 2030 primus
491 1951 628 2032 scriptus
649 1950 680 2014 in
700 1953 852 2033 quattuor
870 1951 1034 2016 uersibus:
1057 1950 1280 2032 quadrifariam
1306 1947 1324 2009 7

143 2055 251 2138 quippe
276 2056 555 2122 discriminabatur
576 2058 729 2122 rationale
753 2058 913 2140 pontilicis
936 2058 1106 2140 ipsumque
1130 2057 1281 2139 quadran-

108 2163 247 2243 regulum
281 2166 357 2240 erat,
391 2164 509 2229 hahens
541 2168 607 2229 tam
639 2165 671 2228 in
699 2165 899 2250 longitudine
929 2184 1023 2246 qnam
1051 2164 1082 2228 in
1110 2163 1280 2228 latitudine

142 2267 273 2348 palmum
303 2288 411 2333 unum.
436 2270 529 2353 primi
554 2289 628 2353 ergo
657 2289 771 2336 uersus
800 2271 875 2335 ordo
904 2274 968 2334 est:
993 2269 1133 2334 sardium
1157 2269 1279 2350 primus

141 2371 227 2455 lapis,
257 2375 328 2439 dein
358 2376 515 2458 topazion,
542 2381 618 2459 post
641 2377 839 2461 smaragdus.
865 2376 996 2441 secundi
1019 2395 1133 2440 uersus
1155 2375 1278 2457 primus

142 2479 467 2563 lapis-carbunculus,
501 2483 572 2548 dein
606 2484 786 2567 sapphirus,
810 2488 885 2567 post
907 2483 1016 2567 iaspis.
1045 2482 1131 2549 tertii
1164 2502 1278 2548 uersus

141 2588 255 2667 primus
278 2588 361 2671 lapis
389 2588 555 2673 ligyrium,
580 2589 650 2653 dein
675 2590 815 2666 achates,
839 2598 915 2672 post
937 2590 1149 2672 amethystus.
1174 2591 1279 2671 quarti

105 2712 260 2776 aequoque
301 2714 415 2759 uersus
454 2696 583 2759 extremi
621 2696 743 2777 primus
780 2696 861 2778 lapis
902 2696 1127 2779 chrysolithus,
1167 2697 1279 2761 deinde

142 2798 301 2882 beryllum,
321 2805 395 2884 post
418 2802 596 2884 onychium.
623 2802 678 2867 isti
702 2802 830 2885 quidem
855 2806 931 2867 sunt
954 2802 1121 2867 duodecim
1144 2804 1278 2887 lapides,

143 2924 217 2985 quos
250 2912 375 2973 constat
406 2908 438 2971 in
474 2909 630 2987 rationali,
664 2909 749 2991 quod
776 2910 808 2973 in
838 2910 1090 2991 superhumerali
1119 2910 1278 2993 pontificis

142 3014 321 3092 ponebatur,
345 3016 497 3091 insertos;
524 3036 659 3098 quorum
684 3016 877 3081 differentias
901 3018 1034 3100 locaque
1059 3017 1211 3082 dicemus.

182 3118 335 3194 Sardium,
365 3121 451 3202 quod
480 3124 512 3185 at
538 3122 749 3205 Babylonium
783 3123 829 3187 sic
863 3122 988 3199 dicitur,
1022 3123 1118 3188 habet
1151 3122 1322 3206 quidem8

102 3249 123 3289 a
141 3225 271 3305 speciem
300 3226 400 3291 instar
427 3227 510 3310 ignis
540 3229 719 3309 colonisque
748 3230 916 3313 sanguinei
944 3229 1048 3293 sardio
1073 3229 1154 3312 pisoi
1179 3230 1278 3294 eonsi-

138 3331 249 3410 milem,
286 3334 369 3397 unde
408 3338 439 3398 et
473 3334 613 3399 sardium
645 3339 797 3399 uocatum
832 3339 882 3400 est
914 3355 932 3399 a
965 3336 1070 3419 specie
1104 3355 1277 3419 cognomen

224 3489 325 3543 13-21
346 3489 378 3543 cl.
399 3489 481 3544 llxod.
502 3490 544 3555 28,
566 3492 670 3545 16-20
690 3492 746 3557 (39,
766 3493 864 3546 9-131

171 3594 186 3646 3
207 3611 274 3664 aqua
291 3595 392 3665 Fopps
412 3613 465 3665 qua
489 3596 515 3649 V
600 3599 618 3647 4
637 3598 754 3651 minimis
773 3598 872 3666 scripsi
897 3599 946 3664 [sic
966 3601 993 3651 et
1011 3598 1090 3651 nobis
1110 3598 1214 3668 exiguis
1234 3616 1277 3652 ex·

138 3683 254 3738 tentibus
273 3686 321 3739 sad
342 3686 400 3754 [lep.
416 3688 454 3755 et]
474 3703 544 3739 nouo
564 3686 706 3740 intellectu
727 3692 755 3740 et
773 3704 845 3739 noua
864 3688 1018 3755 cognitione
1039 3690 1066 3739 et
1084 3703 1155 3740 noua
1173 3688 1278 3740 ratione

136 3769 286 3836 Facundi:
303 3774 384 3827 nimis
408 3774 439 3837 V,
459 3791 511 3843 quo
530 3776 603 3829 orale
620 3784 730 3831 semoto
750 3779 767 3831 5
787 3776 926 3829 destitutis
945 3775 1029 3844 Fogp.
1126 3779 1142 3830 6
1161 3775 1278 3845 hprnbri·
1337 3725 1388 3834 x

136 3857 183 3912 bus
208 3860 233 3911 V
291 3861 439 3933 ‘lpharum
464 3864 488 3915 V
552 3864 672 3934 tiaeque
691 3866 805 3933 scripsi:
825 3882 856 3917 ea
876 3881 927 3933 que
951 3864 983 3927 V,
1003 3881 1061 3917 eam
1079 3864 1163 3934 Fogg.
1183 3866 1279 3932 (susci-

136 3948 209 4015 piens
234 3952 408 4022 propinquam
432 3953 487 4007 illis
511 3952 580 4007 hanc
604 3954 720 4023 gratiam
744 3952 885 4018 Focund.)
941 3952 1055 4006 9nobis
1081 3969 1192 4022 eamque
1212 3961 1280 4021 trop,

135 4034 215 4105 Fopp.
281 4042 310 4094 11
333 4040 471 4095 inualidae
490 4040 574 4111 Fopg.
650 4043 682 4095 12
702 4042 889 4095 dissertationis
913 4042 943 4104 V,
964 4057 1059 4095 correac
1125 4042 1157 4095 13
1176 4042 1280 4111 primus

135 4126 247 4193 scriptus
267 4131 296 4199 (a'.
315 4146 336 4185 c.
357 4130 443 4199 prium
462 4130 604 4199 scriptura)
627 4129 664 4183 V:
684 4132 799 4201 primunr
819 4131 950 4200 scriptum
968 4130 1054 4199 Fopp.
1147 4132 1180 4185 16
1198 4131 1280 4200 primi

135 4216 333 4283 exporimnsV
404 4218 436 4271 18
456 4218 579 4287 saphirus
604 4218 670 4271 Vct
687 4220 727 4272 sio
745 4234 848 4286 semper
916 4219 948 4271 19
966 4218 1087 4286 ligirium
1111 4218 1136 4270 V
1207 4236 1278 4272 arrre-

133 4301 233 4355 thietns
256 4306 379 4361 Vetsic
397 4322 501 4375 seneper
537 4306 571 4360 20
591 4306 747 4360 chrisolitus
768 4306 794 4360 V
831 4307 864 4359 al
884 4306 1010 4359 berillum
1030 4305 1055 4358 V
1077 4312 1101 4359 et
1119 4307 1280 4375 decemper

133 4390 266 4447 onichium
285 4412 319 4449 cx
338 4394 483 4449 onichilnm
508 4394 533 4449 V
