3025 4975
230 439 295 502 706
460 433 629 504 Epiphanius
649 429 966 501 Constantinopolitanae
983 429 1145 485 Hormisdae

230 629 324 695 unius
353 647 487 712 persons
515 627 568 692 uel
597 625 777 690 substantia
804 645 907 706 neque
934 625 1047 690 harum
1075 625 1295 690 diuersitatem
1323 626 1379 690 uel

230 736 454 820 proprietatem
481 737 555 818 post
583 733 760 798 unitionem
789 733 964 796 auferimus
992 751 1050 797 nec
1083 751 1136 797 eas
1169 731 1312 796 diuidere
1345 733 1379 796 in

231 843 355 908 duabus
383 842 527 925 personis
557 844 589 904 et
616 838 808 904 substantiis
834 859 891 922 per
921 838 1096 904 unitionem
1128 857 1240 904 sumus
1272 838 1381 904 edocti

200 947 430 1032 9eundemqne
451 949 569 1013 scimus
590 947 789 1031 unigenitum
807 946 909 1011 tilium
929 947 980 1010 dei
999 949 1032 1011 et
1045 951 1117 1012 ante
1130 947 1381 1013 incarnationem

231 1058 300 1121 eins
334 1059 366 1121 et
397 1059 480 1138 post,
513 1055 546 1118 id
580 1058 629 1121 est
663 1054 758 1118 deum
792 1055 890 1119 simul
922 1057 954 1118 et
986 1054 1158 1132 hominem,
1190 1055 1382 1136 passibilem
1410 1075 1423 1112 ε

231 1183 322 1228 carne
367 1161 598 1246 impassibilem
646 1161 775 1237 deitate,
821 1161 1098 1243 circumscriptum
1145 1179 1275 1244 corpore
1316 1180 1382 1226 non

231 1269 506 1352 circumscriptum
537 1269 662 1352 spiritu,
690 1267 723 1331 id
751 1271 801 1332 est
827 1271 987 1332 terrenum
1012 1272 1049 1331 ⁴et
1080 1269 1260 1345 caelestem,
1284 1287 1383 1350 quem

230 1377 370 1442 mundns
399 1379 436 1440 ιιι
463 1376 623 1440 hominem
648 1374 733 1455 cepit
757 1378 789 1437 et
812 1377 850 1437 ut
872 1373 967 1438 deum
992 1373 1153 1438 continere
1176 1392 1237 1438 non
1260 1376 1383 1456 potuit,

229 1484 394 1548 mortalem
439 1485 471 1547 et
512 1482 722 1558 inmortalem,
765 1499 923 1564 nusquam
964 1485 1150 1546 naturarum
1190 1481 1383 1546 diuersitate

180 1589 357 1654 lOsubiata
381 1609 482 1672 neque
507 1588 687 1652 diuidentes
710 1607 768 1672 per
790 1588 961 1652 essentiam
989 1587 1176 1652 unitionem.
1204 1588 1266 1654 hoc
1293 1589 1383 1653 enim
1402 1609 1428 1645 ιο

230 1715 305 1760 uere
335 1715 487 1781 magnum
519 1695 649 1778 pietatis
682 1696 883 1778 mysterium,
916 1694 992 1778 quia
1022 1714 1107 1759 unns
1140 1714 1177 1759 ex
1208 1699 1321 1760 sancta
1350 1698 1385 1760 et

231 1804 326 1868 nnius
364 1803 520 1868 essentiae
558 1802 702 1867 trinitate
739 1802 922 1867 incarnatus
960 1805 993 1866 et
1029 1803 1123 1867 horno
1160 1803 1265 1867 iactus
1299 1803 1384 1868 deus

231 1911 365 1975 uerbum
394 1911 425 1974 in
450 1913 584 1992 utraque
608 1913 720 1974 natura
744 1908 875 1974 deitatis
898 1912 931 1974 st
953 1908 1162 1973 humanitatis
1184 1908 1326 1974 indiuisa
1351 1915 1386 1974 et

230 2017 396 2082 inconfuse
434 2017 639 2100 cognoscitur
676 2019 708 2080 et
744 2015 904 2094 adoratur,
940 2035 1003 2081 non
1045 2015 1285 2080 conuersionem
1327 2017 1385 2081 uel

231 2123 441 2188 mutationem
470 2123 631 2188 sustinens
660 2123 716 2187 sed
744 2123 972 2204 proprietatem
999 2122 1169 2204 utriusque
1192 2125 1327 2187 naturae
1351 2123 1386 2188 in
1406 2136 1430 2175 ¹⁵

180 2230 294 2294 iluna
316 2247 451 2313 persona
473 2230 505 2293 in
527 2230 717 2312 semetipso
742 2248 945 2294 conseruare.
994 2229 1034 2294 ob
1058 2230 1139 2293 hanc
1164 2228 1262 2312 igitur
1284 2229 1387 2294 fidem

231 2336 409 2419 praedictas
439 2340 564 2401 sanctas
594 2336 731 2419 synodos
761 2336 975 2417 suscipientes
1004 2339 1037 2399 et
1063 2335 1281 2400 custodientes
1311 2355 1387 2400 ana-

231 2443 478 2509 thematizamus
508 2463 627 2521 omnes,
657 2443 711 2525 qui
739 2443 893 2509 aduersus
921 2461 974 2509 eas
1003 2461 1205 2526 quocumque
1235 2445 1388 2526 tempore

232 2551 286 2614 uel
300 2550 393 2615 modo
410 2550 530 2633 aliquid
550 2551 815 2632 conscripserunt,
835 2550 1002 2633 praecipue
1020 2552 1195 2615 Iohannem
1212 2550 1389 2635 Egestam,

232 2657 288 2739 qni
320 2657 473 2721 aduersus
506 2660 714 2723 memoratam
746 2661 889 2722 sanctam
922 2656 1190 2723 calcedonensem
1223 2657 1389 2741 synodum
1407 2674 1435 2711 το

231 2763 351 2827 multas
374 2767 412 2827 ut
429 2764 638 2829 Nestorianus
656 2764 874 2848 blasphemias
893 2763 1047 2841 euomuit,
1068 2763 1216 2829 similiter
1233 2764 1391 2828 condem·

232 2872 342 2935 nantes
373 2872 404 2933 ct
432 2870 636 2935 Timotheum
665 2872 798 2935 Elorum
831 2872 1088 2953 cognominatum
1121 2872 1207 2936 sicut
1227 2871 1390 2955 Eutychi-

181 2977 221 3039 12
233 2976 367 3041 anistam
387 2976 539 3041 aduersus
560 2996 629 3041 earn
649 2998 721 3041 curn
742 2979 810 3042 suis
829 2979 997 3043 latrantem
1018 2978 1219 3060 sequacibus.
1238 2978 1287 3041 ita
1306 2997 1389 3063 ergo

233 3101 305 3147 cunr
331 3082 382 3146 dei
410 3083 570 3149 innomine
600 3104 724 3168 semper
752 3086 912 3150 sensimus
941 3088 974 3149 et
1000 3087 1064 3149 iam
1092 3104 1176 3149 nunc
1209 3086 1389 3151 sentimus.

268 3258 284 3311 3
308 3257 468 3311 substantiis
492 3275 525 3312 aa
548 3258 732 3313 subsistentiis
755 3260 783 3313 V
869 3263 885 3315 5
909 3260 938 3315 id
962 3266 1005 3315 est
1032 3262 1125 3315 Yba'cl:
1149 3260 1193 3315 ide
1216 3260 1248 3324 V,
1272 3261 1322 3316 ide
1340 3264 1392 3317 aas

231 3344 303 3399 idern
321 3346 355 3401 H
373 3346 413 3411 (id
430 3346 480 3403 11¹⁰.
499 3348 565 3401 item
588 3348 693 3403 Tba'cb'o
717 3356 782 3403 uste
799 3350 972 3405 Hadrianus
993 3350 1053 3405 cod.
1076 3350 1288 3404 vacuasse
1311 3350 1390 3406 Cou-

230 3437 336 3489 ataata'o
356 3435 519 3503 adbibitus),
540 3436 654 3491 eundem
671 3438 784 3500 Bibisse,
803 3456 855 3493 om.
874 3440 980 3495 Martia
1034 3442 1050 3495 6
1070 3455 1149 3493 carne
1168 3437 1207 3492 0²:
1227 3441 1305 3493 carni
1331 3440 1395 3494 VH

231 3524 315 3593 (carni
335 3528 363 3579 et
381 3524 555 3593 b¹ir²b⁵b¹⁰d²y
644 3526 740 3581 deitati
765 3528 828 3585 VH.
847 3546 916 3584 corr.
936 3527 963 3581 ο2
1054 3529 1159 3599 corpori
1182 3527 1244 3591 VH,
1263 3544 1341 3583 corr.
1362 3526 1392 3579 ιι1

233 3614 248 3665 7
268 3613 377 3682 spiritui
400 3614 463 3676 VH,
483 3630 552 3669 corr.
572 3614 599 3669 ο2
705 3617 734 3670 id
754 3621 797 3670 est
814 3618 932 3671 Merum
957 3617 1001 3672 ide
1023 3617 1055 3682 V,
1074 3618 1146 3671 idem
1164 3616 1198 3671 H
1215 3618 1296 3683 (item
1314 3617 1390 3681 b⁸b⁸,

233 3700 348 3756 eundern
367 3702 396 3755 b¹
415 3720 488 3757 arcora.
509 3708 536 3763 2,
555 3704 586 3757 b⁹
604 3722 678 3759 onan.
698 3708 728 3775 2>
784 3706 800 3759 8
821 3707 955 3777 coepitH
974 3707 1059 3777 (cepit
1071 3704 1174 3774 b⁸o⁹d²y
1228 3708 1245 3759 9
1265 3707 1391 3763 diuersi·

232 3792 291 3843 tate
310 3790 420 3845 sublata
438 3792 480 3845 H:
502 3792 657 3848 diuersitati
675 3796 732 3849 eius
751 3795 843 3865 ablate
862 3796 894 3858 V,
914 3795 1073 3850 diuersitate
1094 3796 1152 3849 cius
1170 3794 1264 3849 ablata
1277 3796 1392 3851 Biniacs

235 3880 267 3931 12
287 3881 406 3933 essentia
426 3883 554 3952 (essentie
574 3880 614 3937 ab
632 3885 765 3937 trinitatis
789 3884 851 3947 VH,
871 3901 941 3940 corr.
965 3884 1044 3939 Tba'el
1082 3886 1113 3939 17
1133 3883 1273 3954 praedicta
1287 3892 1393 3941 sancta

233 3967 335 4035 synodo
355 3968 477 4036 (sinodus
496 3970 536 4038 b⁴)
556 3971 678 4025 b¹b²b³b⁴
734 3975 767 4027 19
786 3978 911 4043 egestam
936 3974 970 4028 V:
991 3978 1100 4045 egotam
1122 3972 1246 4041 (saciego
1265 3974 1396 4041 tam)H

235 4086 354 4151 (egotarn
373 4084 402 4137 b¹
425 4102 498 4138 man.
518 4090 545 4146 2,
565 4086 595 4140 b⁰
618 4104 691 4142 onan.
711 4092 744 4156 2,·
768 4105 819 4158 ego
842 4094 933 4143 tamen
953 4088 1008 4157 d²y;
1032 4090 1192 4143 Nicaeotanr
1214 4088 1298 4143 Tba'cd
1322 4092 1392 4147 codd.

237 4171 728 4241 Tbcopbanop.149edDeBoor
792 4180 823 4231 21
844 4179 1046 4249 blabsphemias
1069 4178 1096 4231 V
1163 4178 1197 4233 22
1216 4178 1393 4235 euthiciani·

234 4264 304 4313 stam
323 4261 361 4318 H.
382 4263 622 4317 euthiticinnistanr
648 4266 670 4315 V
738 4268 852 4320 seeum
877 4268 902 4319 V
966 4268 1003 4321 24
1020 4269 1158 4323 iubamine
1175 4266 1282 4321 b⁶b⁷t¹⁰
1362 4280 1394 4329 et

234 4349 287 4401 ianr
312 4348 342 4413 V,
363 4354 389 4403 st
407 4351 460 4402 ianr
480 4352 523 4405 nel
543 4352 623 4405 etianr
644 4353 686 4405 H:
707 4358 735 4407 et
754 4356 837 4408 etiarn
861 4356 940 4409 Tba'cl
