3025 4975
538 416 624 487 upra.
644 416 714 471 cxx
733 418 831 473 5-10.
1200 424 1262 486 531

129 629 252 693 quorum
286 610 540 675 communionem
569 610 601 673 in
629 610 723 675 Petro
756 610 919 693 amplexus
952 612 1089 677 Aeacius
1118 614 1266 677 similiter

128 736 243 799 quoque
275 718 394 781 meruit
426 716 532 781 subire
567 718 749 782 sententias.
789 718 844 799 qui
871 721 996 783 tantum
1024 721 1146 784 malum
1174 722 1265 803 quasi

126 842 216 905 paruo
230 824 402 887 aestimans
418 826 449 887 et
467 824 665 905 propositum
686 843 858 905 numquam
874 825 913 888 ad
927 825 1060 890 meliora
1078 832 1265 891 conuertens

127 948 160 993 ne
178 931 214 994 ab
233 928 298 994 illis
319 928 447 1011 quidem
468 948 512 1007 se,
533 948 612 1012 quae
633 930 663 993 in
683 930 854 995 Antiochia
871 931 1078 1009 detestamur,
1099 933 1264 1012 abstinuit,

99 1060 109 1101 r
125 1036 165 1100 ibi
183 1055 306 1119 quoque
327 1036 552 1120 transgressori
571 1036 666 1100 Petro
687 1036 945 1107 commu<nio>ne
965 1056 1113 1115 conexus,
1128 1040 1160 1103 in
1183 1040 1265 1122 Apa-

126 1164 242 1209 menam
279 1143 487 1208 nihilominus
529 1143 689 1208 hostiliter
729 1146 878 1209 uersatus
920 1146 1098 1223 scaloniam,
1139 1147 1264 1229 Tyriam

126 1270 244 1333 qnoque
282 1270 343 1315 non
378 1270 414 1315 ea
446 1269 508 1333 qua
542 1250 649 1315 decuit
681 1250 865 1335 integritate
898 1251 1082 1334 disponens.
1137 1258 1266 1336 propter
1297 1245 1317 1308 8

126 1375 208 1438 quae,
246 1354 449 1420 dilectissimi
484 1356 607 1433 fratres,
641 1356 679 1419 ab
714 1375 824 1419 eorum
861 1357 1063 1422 innodatione
1101 1359 1265 1425 soluentes

125 1463 208 1526 uelut
238 1464 403 1546 regionem
441 1460 598 1544 quandam
635 1462 819 1543 pestiferam
853 1463 1066 1545 relinquentes
1100 1484 1265 1531 seruemus

89 1595 109 1633 n
125 1570 327 1649 apostolicam
365 1568 583 1650 disciplinam3
623 1568 720 1633 saluti
753 1572 879 1633 nostrae
918 1571 1003 1633 omni
1036 1570 1202 1655 diligentia
1233 1575 1266 1636 et

125 1675 334 1739 sollicitudine
359 1675 564 1758 prouidentes
589 1694 626 1739 aa
650 1694 725 1739 cura
749 1676 876 1741 nefandi
899 1674 1041 1741 Nestorii
1069 1678 1264 1743 declinemus

125 1800 249 1859 errores,
279 1801 341 1863 qua
373 1782 559 1865 Eutycbetis
588 1782 686 1866 impia
713 1782 843 1847 inuenta
868 1785 1097 1866 persequimur.
1130 1786 1265 1851 maxime

125 1889 199 1953 enim
233 1907 317 1953 nunc
344 1888 512 1973 religiosae
539 1888 612 1953 fidei
641 1889 793 1973 dogmata
824 1889 949 1954 diuerso
977 1890 1108 1954 incursu
1140 1891 1264 1962 horum,

125 1995 173 2075 qui
199 1994 354 2077 praedicti
383 1996 467 2069 sunt,
496 1994 697 2059 incursantur·
724 1996 858 2071 insidiis,
888 1997 1034 2062 scelestis
1060 2016 1116 2079 pro
1144 1998 1264 2062 ratione

90 2129 109 2167 a
124 2104 298 2184 temporum
330 2119 389 2165 sua
416 2104 601 2184 argumenta
628 2102 840 2179 nectentibus,
870 2102 897 2166 si
926 2122 987 2185 quo
1016 2103 1110 2168 modo
1139 2105 1266 2185 possint
1311 2137 1314 2141 ·

125 2206 333 2273 innocentium
357 2207 420 2271 uiis
443 2207 586 2272 fraudem
612 2228 687 2273 suae
710 2208 886 2291 impietatis
910 2210 1058 2286 inserere,
1078 2214 1172 2292 atque
1193 2210 1263 2276 ideo

125 2314 203 2377 sieut
226 2314 312 2378 docti
337 2314 541 2378 nummularii
566 2316 598 2378 et
619 2314 790 2397 prudenter
813 2316 962 2380 instructi
985 2316 1023 2380 ab
1047 2316 1262 2398 improbandis

124 2419 247 2485 laudata
278 2422 458 2503 separantes
482 2420 595 2484 talenti
619 2420 711 2485 uobis
736 2421 846 2485 crediti
874 2423 1021 2506 poteritis
1048 2422 1263 2507 multiplicare

124 2527 341 2593 substantiam.
400 2528 489 2606 haec,
521 2528 722 2593 dilectissimi
758 2531 882 2606 fratres,
924 2531 1112 2613 scripsimus
1152 2531 1262 2615 plenae
1295 2535 1315 2597 9

88 2663 109 2702 a
125 2635 258 2699 caritatis
282 2634 434 2716 impulsu,
455 2634 533 2716 ‘quia
558 2639 589 2699 et
613 2654 702 2717 spem
724 2635 797 2699 fidei
825 2641 951 2701 uestrae
979 2637 1117 2720 primurn
1145 2638 1183 2703 de
1212 2639 1263 2703 dei

124 2740 208 2820 dono,
238 2741 351 2805 deinde
380 2744 413 2807 et
440 2740 545 2805 fratris
573 2741 674 2806 nostri
701 2742 860 2819 Iohannis,
889 2744 943 2825 qui
971 2743 1064 2808 uobis
1092 2744 1263 2826 praesidet,

123 2849 312 2928 professione
354 2849 637 2931 praesumpsimus,
680 2869 741 2931 qua
782 2849 967 2914 nominatim
1016 2870 1135 2923 omnes,
1182 2871 1261 2934 quos

123 2949 293 3036 apostolica
335 2956 366 3018 et
407 2955 562 3038 generalis
605 2954 833 3019 catholicorum
879 2956 1067 3021 condemnat
1113 2958 1260 3034 ecclesia,

123 3061 307 3125 execrabiles
332 3061 392 3126 sibi
417 3080 486 3126 essa
515 3061 698 3126 declararit.
745 3062 829 3144 quod
853 3082 912 3126 uos
942 3083 1068 3146 quoque
1091 3063 1123 3128 in
1146 3064 1261 3128 litteris
1276 3070 1315 3131 10

86 3169 234 3233 terrestris
259 3168 401 3251 oportuit
424 3168 587 3232 euidenter
615 3169 786 3251 exprimere
809 3188 866 3234 nec
890 3171 1034 3234 arbitrari
1056 3190 1150 3254 posse
1174 3171 1260 3235 suffi-

122 3289 185 3338 cere
214 3274 273 3338 sub
304 3274 401 3338 tantis
425 3275 610 3356 praesertim
638 3275 763 3339 insidiis
797 3275 995 3352 callidorum,
1029 3297 1108 3360 qnos
1140 3278 1261 3342 uiritim

122 3385 150 3442 et
179 3381 323 3464 singulos
355 3381 505 3446 insecrari
539 3381 688 3446 conuenit
720 3385 815 3464 atque
849 3383 999 3460 damnari,
1033 3384 1092 3448 sub
1125 3384 1260 3467 quadam

122 3488 254 3568 generali
297 3506 351 3552 eos
394 3488 593 3554 damnatione
636 3489 832 3554 concludere.
879 3489 1065 3574 diligentem
1106 3495 1263 3573 quaerunt

121 3594 247 3659 uulnera
290 3594 419 3677 antiqua
459 3595 649 3660 medicinam
690 3615 747 3660 nec
790 3596 953 3661 abundans
996 3617 1066 3662 esse
1109 3597 1260 3675 creditur,

151 3881 384 3952 ‘lsententiamp
447 3881 670 3936 danthiociaV
731 3885 908 3938 beommuna
930 3884 961 3947 V,
981 3901 1050 3939 corr.
1071 3883 1098 3957 ρ2
1158 3886 1261 3940 bosti-

119 3965 176 4020 liter
199 3969 225 4023 V
293 3967 412 4039 thyriam
436 3970 462 4023 V
518 3969 711 4024 8inodacione
735 3971 762 4025 V
817 3972 1018 4041 9reliquentes
1041 3973 1068 4025 V
1129 3973 1162 4026 10
1181 3972 1260 4027 dissi·

121 4055 213 4122 plinam
238 4057 266 4110 V
329 4059 361 4112 13
381 4057 491 4128 religise
515 4059 545 4122 V,
565 4075 633 4113 corr.
657 4059 737 4113 Cau:
755 4060 884 4129 religiosa
902 4061 972 4115 Bar.
1043 4062 1076 4116 14
1094 4062 1201 4115 insidiis
1225 4063 1261 4116 V:

119 4143 243 4199 insidiose
262 4146 323 4199 istis
346 4147 436 4201 Coast.
512 4147 544 4201 15
564 4149 656 4218 posint
679 4148 710 4210 V,
731 4164 799 4203 corr.
821 4168 838 4201 α
912 4151 944 4203 17
963 4149 1110 4220 prudentes
1135 4151 1166 4212 V,
1190 4168 1259 4207 corr.

120 4231 183 4287 Bar.
242 4235 273 4288 18
292 4234 463 4305 laudandap
519 4237 552 4290 22
571 4237 780 4306 praesumsimus
804 4237 830 4289 V
882 4239 916 4293 25
936 4239 1048 4292 suficere
1067 4241 1092 4293 V
1143 4241 1178 4294 26
1197 4241 1260 4294 sub·

121 4322 212 4376 stantis
237 4323 268 4388 V,
288 4339 357 4378 corr.
379 4321 405 4374 0²
459 4324 493 4378 27
512 4325 638 4378 insectari
658 4343 671 4376 o
690 4325 761 4381 Bar.
835 4326 962 4382 damnare
980 4329 1051 4382 aar.
