3025 4975
214 484 279 546 648
450 474 618 529 Iustinianus
637 472 810 540 Hormisdae3
830 472 951 528 lustinus
971 471 1130 525 Hormisdae

1506 242 1507 297 l

1506 447 1507 491 l

215 676 405 758 quapropter
445 691 575 736 necesse
617 670 805 735 habebimus
848 669 1049 734 uenientibus
1090 667 1207 751 legatis
1244 665 1362 731 uostris

213 781 381 862 inquirere,
406 799 469 862 qua
492 798 621 843 reuera
643 778 778 841 faciente
799 796 895 841 eausa
913 777 996 839 inter
1015 794 1069 839 eos
1089 774 1187 838 fuerit
1205 775 1364 838 commota

167 886 380 952 ddiscordia.
438 886 697 950 beatissimorum
730 904 805 949 uero
840 883 1055 967 apostolorum
1088 880 1175 945 Petri
1207 882 1240 943 et
1269 878 1364 943 Pauli

214 993 403 1071 sanctuaria,
429 993 514 1057 sicut
541 991 785 1075 religiosissimo
815 989 987 1072 quaesistis
1016 988 1142 1063 affectu,
1167 1006 1223 1069 per
1250 986 1363 1051 harum
1506 1062 1507 1095 1

212 1102 397 1184 portitorem
412 1100 472 1165 sub
488 1099 572 1164 ouini
591 1099 794 1164 ueneratione
813 1096 1060 1173 transmisimus,
1076 1098 1234 1176 optantes,
1250 1094 1363 1157 oratio·
1394 1106 1406 1146 ⁶

212 1209 307 1273 nibus
336 1227 445 1272 eorum
472 1206 590 1271 mentis
618 1208 744 1270 uestrae
769 1204 887 1269 oblatio
912 1206 945 1267 et
968 1202 1124 1267 desideria
1151 1201 1270 1285 gratiae
1299 1198 1364 1265 sint
1506 1258 1507 1288 p

166 1314 394 1379 5diuinitatis
427 1316 567 1395 accepta.
618 1312 757 1395 petimus
791 1329 927 1393 quoque,
961 1312 998 1373 ut
1025 1310 1091 1371 tam
1120 1307 1158 1371 do
1185 1307 1246 1382 his,
1282 1326 1362 1389 quae

212 1425 365 1506 geruntur
394 1440 450 1503 pro
476 1419 651 1496 concordia,
681 1437 775 1501 quam
802 1417 840 1481 de
868 1416 1096 1481 incolomitatis
1125 1417 1250 1478 uestrae
1278 1414 1361 1479 bono

211 1527 365 1592 nuntietis
395 1526 604 1591 sollicitudini
627 1527 753 1589 nostrae
782 1523 935 1608 gaudium
963 1524 1107 1586 currente
1134 1521 1251 1604 pagina
1277 1519 1363 1585 litte-

210 1654 325 1699 rarum.
371 1634 454 1699 Data
476 1634 550 1697 llll.
574 1631 681 1697 Nonas
706 1630 816 1713 Septb.
840 1628 1010 1693 Eutharico
1035 1646 1122 1693 cons.

1506 1806 1507 1850 l

1506 1988 1507 2047 l

1506 2182 1507 2212 l

1506 2361 1507 2391 l

1506 2506 1507 2536 l

1506 2981 1507 3028 l

255 1972 414 2016 sannaus
436 1970 609 2015 massonus
628 1966 815 2015 lusululndl.
839 1967 900 2011 PER
923 1966 1067 2011 Pharusii
1089 1966 1313 2012 sacramenia.

256 2076 415 2159 Quicquid
438 2077 489 2141 est
516 2074 652 2151 cautius,
682 2073 834 2157 quicquid
857 2072 991 2142 firmius,
1015 2074 1052 2136 ut
1074 2091 1130 2154 pro
1160 2073 1269 2136 sancta
1297 2069 1359 2135 fide

209 2188 242 2247 et
265 2182 433 2247 concordia
456 2200 616 2245 sacrarum
640 2180 845 2245 ecclesiarum
871 2182 1006 2265 geratur,
1032 2182 1192 2263 optamus.
1211 2177 1295 2241 unde
1320 2176 1359 2241 ad

208 2288 438 2353 beatitudinem
458 2291 595 2353 uestram
614 2286 756 2352 ethalon
770 2288 878 2351 noster
901 2286 1155 2370 gloriosissimus
1174 2282 1358 2349 Uitalianus
1381 2304 1407 2345 ra

209 2414 265 2477 per
287 2394 458 2459 Paulinum
482 2414 515 2457 u.
538 2412 565 2457 s.
590 2393 787 2477 defensorem
810 2396 934 2457 uestras
964 2392 1115 2457 ecclesiae
1138 2392 1303 2474 rescripsit
1327 2393 1359 2455 et

210 2522 267 2566 nos
290 2522 346 2586 por
364 2501 499 2566 eundem
519 2499 698 2584 significare
718 2499 900 2565 curauimus
919 2500 977 2564 illa
995 2500 1106 2564 dehere
1125 2499 1357 2564 beatitudinem

209 2613 350 2672 uestram
365 2607 525 2691 perficere,
546 2627 625 2691 quae
643 2627 755 2690 pacem
775 2610 807 2671 et
827 2607 1026 2673 concordiam
1045 2606 1164 2672 sanctis
1184 2605 1358 2671 concedant

163 2721 184 2782 2
210 2714 365 2781 ecclesiis.
417 2714 553 2779 subinde
581 2719 698 2794 tamen,
726 2715 782 2798 qui
810 2716 927 2780 certius
955 2733 1144 2797 responsum
1173 2713 1212 2778 ad
1241 2713 1358 2777 sancti·

207 2824 307 2886 tatem
330 2824 471 2885 uestram
494 2823 619 2898 referat,
643 2841 715 2886 cum
738 2822 856 2886 litteris
880 2821 1019 2906 piissimi
1037 2821 1137 2886 nostri
1155 2819 1357 2902 imperatoris
1377 2839 1406 2880 ac

207 2928 455 3004 destinauimus3
489 2947 561 2991 nam
590 2931 708 3010 quanta
738 2929 882 3011 quaestio
910 2929 942 2992 in
970 2928 1113 3010 partibus
1142 2926 1258 2993 nostris
1289 2928 1359 2991 orta

207 3038 266 3112 est,
289 3037 398 3117 potest
421 3035 518 3100 etiam
537 3036 698 3100 antefatus
722 3035 773 3098 uir
793 3034 963 3118 religiosus
984 3034 1132 3100 defensor
1150 3033 1358 3098 sanctitatem

159 3150 181 3212 3
207 3144 348 3205 uestram
368 3141 534 3206 instruere.
576 3141 659 3205 uude
673 3141 813 3222 petimus
828 3145 875 3219 ut,
891 3142 919 3206 si
938 3145 988 3205 est
1005 3139 1168 3224 possibile,
1189 3141 1357 3206 celerrimo

206 3247 279 3313 dato
308 3267 460 3331 responso
485 3252 517 3312 et
545 3248 717 3312 satisfactis
745 3247 905 3332 religiosis
932 3247 1096 3312 monachis
1124 3247 1298 3311 Iohannem
1324 3251 1358 3311 et

204 3355 374 3420 Leontium
399 3355 437 3418 ad
460 3374 517 3419 nos
540 3353 724 3419 remittatis.
749 3354 812 3419 nisi
837 3355 917 3419 enim
943 3354 1091 3438 precihus
1125 3358 1157 3418 et
1188 3353 1405 3437 diligentiam
1506 3335 1507 3408 l

204 3464 312 3526 uestra
333 3462 397 3526 ista
420 3461 565 3545 quaestio
590 3461 697 3526 soluta
719 3461 825 3540 fuerit,
849 3480 1005 3539 ueremur,
1029 3479 1068 3525 ne
1091 3480 1152 3525 non
1171 3460 1276 3544 possit
1294 3479 1356 3543 par

158 3579 181 3641 4
204 3571 385 3632 sanctarum
408 3569 616 3632 ecclesiarum
639 3568 815 3650 prouenire.
863 3587 936 3652 ergo
957 3571 1196 3653 cognoscentes,
1222 3569 1296 3650 quia
1323 3573 1357 3633 et

239 3759 330 3817 6<ut>
343 3759 443 3811 mentis
461 3762 569 3812 uestrae
586 3759 666 3819 Bar..
677 3761 740 3821 <et,·
752 3759 856 3812 meritis
875 3763 967 3812 uestra
987 3757 1013 3828 ρ2
1067 3761 1083 3812 9
1103 3759 1296 3813 sollicitudinis
1321 3759 1354 3825 V,

202 3860 273 3899 corr.
293 3845 362 3899 Bar.
419 3847 452 3900 10
471 3847 635 3901 euticharico
661 3847 692 3903 V.
712 3863 781 3902 corr.
801 3847 870 3902 Bar.

240 3936 306 3988 121.
377 3935 446 3989 Dat.
471 3954 497 3989 a.
524 3940 578 3989 519
599 3953 688 3990 meuc
710 3937 787 3989 Iulio
809 3937 928 4001 incunte,
947 3953 998 4005 per
1014 3937 1137 4004 fratrem
1153 3937 1354 4006 Praeceptoris.

202 4023 276 4076 Edd.
301 4022 365 4078 Gar.
385 4023 415 4076 1²
436 4027 509 4089 525,·
530 4025 639 4079 Collect.
662 4025 781 4091 Concil.;
803 4025 882 4078 Thicl
902 4028 969 4080 885.
1036 4028 1068 4080 12
1087 4043 1136 4095 per
1153 4025 1264 4080 fratrem
1282 4027 1353 4082 Pro-

202 4113 331 4182 emptoris
355 4113 471 4166 Vman.
491 4115 554 4168 rin
571 4130 655 4184 marg.
731 4116 764 4168 14
783 4117 936 4168 sanctarum
959 4113 1037 4167 Thicl
1111 4117 1143 4168 18
1162 4114 1296 4169 concedat
1319 4116 1353 4176 V,

201 4217 271 4255 corr.
290 4201 353 4255 edit.
372 4217 425 4272 rep.
492 4203 524 4256 21
545 4201 673 4257 hortaV
748 4205 783 4256 22
803 4204 939 4256 antelatus
963 4201 995 4267 V,
1015 4219 1083 4256 corr.
1107 4203 1187 4256 Thicl
1254 4205 1290 4258 23
1309 4205 1353 4258 in-

201 4293 318 4344 strueret
341 4289 373 4353 V,
392 4305 494 4346 como
580 4292 615 4345 ‘24
633 4291 749 4345 Iohanni
769 4295 797 4345 et
815 4292 929 4345 Leontio
954 4291 984 4356 V,
1005 4308 1073 4346 corr.
1094 4309 1107 4362 ρ
1194 4293 1227 4346 27
1249 4309 1353 4361 cogno-

200 4381 294 4431 scente
317 4378 349 4441 V,
368 4395 437 4432 corr.
457 4398 470 4429 ο
