3025 4975
217 445 281 509 592
438 442 606 497 lastinianus
624 441 799 509 Hormisdae;
818 420 963 497 Hormisdd
981 444 1134 499 Iustiniano

216 639 389 722 amplector
410 641 591 703 tua-tecum
608 637 640 703 in
660 638 796 703 ueritate
817 638 956 705 sentiens
975 642 1007 703 et
1025 658 1089 703 una
1106 642 1214 704 tecum
1233 658 1363 723 sperans

215 746 247 808 in
275 745 331 810 illo
360 744 411 809 die
439 764 495 826 per
522 744 603 809 hanc
630 743 726 809 fidem
754 744 870 809 saluari
898 745 981 810 bona
1007 746 1173 811 uoluntate
1201 746 1301 829 patris
1331 750 1365 812 et

215 852 274 917 filii
306 856 338 918 et
370 852 502 935 spiritus
535 852 647 915 sancti.
682 851 947 917 consubstantiali
980 851 1064 916 enim
1095 852 1230 917 trinitati
1259 854 1363 919 omnis

216 959 317 1044 gloria
345 958 478 1023 debetur
504 977 588 1023 nunc
617 961 650 1023 et
676 958 708 1022 in
738 958 865 1023 saecula
894 958 1102 1025 sacculorum.
1171 978 1296 1024 omnem
1329 958 1364 1023 in

216 1066 343 1133 Christo
370 1065 611 1143 fraternitatem,
637 1084 717 1148 quae
742 1084 815 1129 cum
839 1068 948 1131 uestra
971 1069 1020 1130 est
1043 1066 1222 1145 sanctitate,
1246 1084 1306 1151 ego
1331 1068 1364 1131 ct
1394 1088 1407 1131 r
1500 1102 1501 1155 1

216 1174 271 1256 qui
292 1192 429 1251 mecum,
453 1171 628 1254 plurimum
649 1171 683 1235 in
707 1171 835 1237 domino
860 1172 1048 1237 salutamus

171 1278 191 1341 4
259 1280 396 1344 Tantum
434 1279 473 1343 ad
510 1278 771 1343 satisfaciendum
810 1278 1007 1362 scripsimus,
1044 1282 1081 1344 ut
1118 1281 1150 1343 et
1181 1279 1363 1345 uenerabile

214 1406 326 1453 nomen
341 1388 468 1450 sanctae
482 1383 708 1449 recordationis
727 1384 841 1448 Leonis
861 1383 1020 1468 quondam
1040 1386 1116 1450 facti
1134 1384 1222 1449 urbis
1241 1385 1363 1450 Romae

214 1491 443 1575 archiepiscopi
460 1492 491 1555 in
511 1492 610 1556 sacris
629 1490 789 1574 diptychis
808 1493 950 1573 temporo
969 1491 1215 1556 consecrationis
1234 1494 1365 1575 propter
1500 1480 1501 1575 y

214 1600 413 1669 concordiam
435 1598 618 1684 affigeretur
640 1599 672 1663 et
694 1601 839 1663 uestrum
858 1598 1062 1665 benedictum
1079 1618 1193 1665 nomen
1214 1598 1364 1665 similiter
1382 1622 1408 1663 ro
1500 1580 1501 1627 ³

171 1706 189 1770 5
213 1710 244 1773 in
260 1707 418 1792 diptychis
436 1704 645 1789 praedicetur.
669 1708 706 1770 ut
729 1704 767 1769 de
792 1705 940 1771 omnibus
965 1707 1071 1769 autern
1086 1704 1222 1770 satisfiat
1236 1708 1363 1770 nestrae
1500 1692 1501 1695 ¹

214 1813 386 1891 sanctitati,
410 1812 559 1895 quoniam
581 1831 691 1893 pacem
714 1814 856 1877 uestram
880 1811 1102 1895 amplectimur
1125 1815 1158 1876 et
1181 1811 1218 1876 de
1237 1812 1363 1877 unitate

214 1925 395 1987 sanctarum
427 1920 478 1984 dei
511 1919 716 1984 ecclesiarum
749 1938 908 1996 curamus,
941 1938 1089 2003 rogamus
1123 1938 1181 1983 uos
1209 1918 1363 2002 pacificos

211 2028 300 2093 uiros
337 2026 493 2091 destinare
535 2028 568 2089 ct
606 2028 733 2091 uestrae
776 2025 888 2109 dignos
930 2026 1123 2107 apostolicae
1166 2024 1262 2105 sedis,
1305 2027 1364 2107 qui

213 2133 349 2199 debeant
372 2132 555 2197 satisfacere
579 2136 612 2197 et
634 2132 886 2196 satisfactionem
910 2134 1051 2198 nostram
1076 2132 1247 2215 suscipere,
1272 2133 1310 2195 ut
1328 2136 1365 2197 et
1382 2155 1409 2197 ιε
1500 2130 1501 2225 l

211 2240 244 2305 in
271 2240 330 2303 hac
357 2242 446 2321 parte
475 2238 621 2305 Christus
650 2238 728 2303 deus
756 2241 864 2304 noster
892 2238 1095 2323 glorificetur,
1125 2240 1179 2321 qui
1210 2256 1267 2319 per
1299 2257 1363 2304 uos
1500 2236 1501 2239 ’

212 2365 322 2431 pacem
348 2346 428 2410 hano
456 2345 574 2410 mundo
603 2346 755 2411 seruauit.
824 2346 964 2430 Accepta
984 2346 1073 2410 XIII.
1097 2344 1170 2409 Kal.
1195 2344 1364 2410 lanuarias

212 2474 243 2538 p.
268 2472 295 2520 c.
318 2452 460 2538 Agapiti.

732 2641 841 2724 (147.)

254 2784 608 2856 ammius-uererentur
626 2783 814 2829 rusrnunur.
877 2764 1095 2832 Desiderabile
1114 2771 1252 2852 tempus,
1272 2771 1364 2852 quod
1383 2796 1412 2836 ao
1500 2771 1501 2852 j

211 2875 345 2939 summis
376 2872 463 2938 uotis
496 2871 692 2955 optauimus,
728 2870 838 2936 diuina
870 2872 1038 2936 clementia
1069 2873 1194 2939 dolores
1233 2878 1363 2960 generis

210 2980 340 3045 humani
367 2979 537 3062 respiciens
560 2977 671 3062 largiri
694 2977 825 3061 dignata
848 2981 908 3056 est,
932 2997 994 3060 quo
1019 2998 1128 3044 omnes
1153 2982 1303 3056 catholici
1329 2986 1366 3048 et

211 3087 269 3153 deo
301 3088 439 3169 perfecte
471 3084 580 3150 fideles
612 3084 775 3149 maiestati
809 3085 878 3150 cius
912 3105 945 3150 se
972 3085 1100 3151 ualeant
1127 3089 1363 3156 commendare.

209 3194 327 3259 idcirco
355 3193 413 3256 has
441 3191 481 3256 ad
508 3191 723 3273 apostolatum
748 3194 893 3256 uestrum
915 3191 1017 3256 libore
1038 3191 1168 3257 licentia
1190 3194 1254 3258 iam
1277 3196 1363 3264 mihi

165 3308 185 3370 2
208 3299 361 3365 beneficio
381 3297 511 3362 caelesti
529 3296 654 3361 indulta
673 3296 781 3362 direxi.
801 3297 937 3363 domnus
956 3299 1071 3362 atenim
1090 3303 1198 3365 noster
1213 3301 1364 3370 inuictis·
1383 3331 1412 3373 ss

211 3407 312 3471 simus
333 3406 505 3489 imperator
528 3403 734 3469 orthodoxam
757 3404 944 3489 religionem
968 3424 1093 3489 semper
1111 3407 1362 3490 ampla<cte>ns

247 3634 328 3686 ltna
350 3631 388 3685 V.-
405 3647 459 3684 nna
477 3629 504 3701 ρ2
565 3630 702 3684 scencicns
725 3629 753 3684 V
813 3646 869 3684 unu
892 3629 923 3696 V,
943 3645 1047 3685 cosmo
1105 3616 1236 3703 3sp'o's'a:
1257 3651 1308 3704 spu
1336 3636 1367 3691 V

209 3723 224 3775 7
243 3737 315 3790 quoe
330 3725 482 3788 sequuntur
500 3720 633 3788 epistulae
645 3719 808 3788 postscn'pts'
820 3725 852 3774 ut
864 3719 908 3773 ira
927 3719 1018 3774 dicam
1034 3720 1145 3775 ratione
1164 3721 1278 3778 admo
1289 3732 1364 3780 sunt

209 3839 225 3891 9
245 3835 379 3906 diptychis
398 3835 437 3889 0²:
457 3792 559 3904 dyhciis
583 3835 606 3887 V
652 3835 686 3888 10
706 3834 876 3904 affligeretur
898 3835 930 3901 V,
950 3851 1017 3892 corr.
1037 3834 1064 3890 ο2
1103 3837 1132 3891 11
1154 3835 1293 3908 diptychis
1313 3839 1361 3896 0²:

209 3923 376 3995 dypcicisV
465 3925 498 3978 13
516 3923 627 3993 pacifico
651 3923 682 3986 V,
701 3939 805 3977 como
897 3925 929 3979 18
948 3911 996 3995 ᾖ
1009 3927 1120 3995 agapito
1143 3925 1176 3990 V,
1194 3942 1264 3984 corr.
1287 3927 1362 3986 Car.

245 4014 308 4069 142.
359 4014 427 4068 Dat.
447 4013 542 4079 (mmet
560 4029 621 4067 cum
639 4029 698 4081 epp.
717 4015 775 4066 143
793 4017 819 4066 ct
835 4017 906 4081 116)
926 4031 954 4069 a.
975 4017 1030 4068 518
1048 4015 1092 4070 die
1112 4019 1131 4069 7
1148 4015 1231 4084 Sept,
1251 4027 1362 4087 accept.

210 4104 253 4158 die
270 4105 310 4154 20
326 4101 402 4167 Dec,
418 4117 468 4170 per
487 4100 614 4156 martem.
696 4101 772 4156 ΕΜ.
795 4101 859 4158 Gor.
878 4101 910 4157 1²
930 4107 1004 4170 48ος
1021 4104 1090 4158 Bor.
1111 4103 1150 4157 cd
1168 4119 1194 4158 c.
1216 4106 1278 4170 618,
1301 4109 1364 4177 74;

212 4191 319 4246 Collcct.
342 4189 460 4257 Concil.,·
480 4189 560 4244 Thiel
578 4192 646 4245 833.
688 4190 723 4244 20
740 4197 804 4259 post
821 4190 966 4246 Iustiniani
988 4192 1051 4246 Car.
1070 4192 1166 4246 insen't
1184 4191 1362 4250 lastinianus

208 4297 295 4334 comes
309 4278 470 4332 Honnisdae
489 4295 576 4349 papae
613 4280 647 4333 25
666 4278 763 4333 domus
787 4279 819 4346 V,
838 4282 958 4334 correct:
978 4278 1101 4334 dominns
1120 4296 1134 4329 o
1171 4279 1207 4334 26
1225 4297 1306 4351 seper
1332 4283 1364 4338 V

208 4368 329 4438 amplens
352 4367 384 4431 V,
403 4383 472 4424 corr.
492 4387 507 4420 o
