3025 4975
212 441 276 506 692
504 441 648 495 Hormisda
665 441 777 510 legatis;
796 441 940 494 Hormisda
957 441 1056 510 legatis

210 636 287 702 bitis
312 637 351 701 ad
374 655 431 701 nos
455 639 493 703 de
516 637 634 702 uestris
658 636 798 720 aliquem
822 637 980 702 destinare
999 655 1073 701 cnm
1091 636 1253 715 relatione,
1274 655 1355 719 quae

210 745 361 809 uniuersa
399 745 566 822 contineat,
603 743 687 808 unde
723 743 813 818 <de>
851 743 912 822 his,
950 762 1030 825 quae
1068 747 1159 826 gesta
1194 745 1270 808 sunt
1301 743 1356 806 uel

211 854 373 935 geruntur,
402 851 652 916 sollicitudinem
682 853 824 914 nostram
850 851 992 914 releuare
1021 849 1173 914 debeatis.
1197 848 1354 914 damnum

211 977 338 1042 quoque
365 958 482 1022 litteris
510 958 627 1024 uestris
657 957 893 1042 adiungitque
918 957 1011 1022 uobis
1033 957 1197 1039 portitoris
1221 956 1354 1021 tarditas

210 1065 315 1148 possit
337 1065 483 1130 adscribi.
552 1065 634 1129 Data
657 1063 714 1128 lll.
740 1064 817 1128 Idus
841 1061 971 1128 Octobr.
995 1062 1168 1128 Eutharico
1192 1082 1277 1128 cons.
1386 1084 1398 1122 a

728 1259 837 1344 (aar.)

255 1401 411 1446 noanrsaa
439 1403 583 1448 causano
612 1403 650 1448 sn
680 1402 815 1448 nonaum
842 1401 1003 1448 nrrscoms
1031 1403 1070 1448 na
1104 1402 1228 1448 amuco
1261 1401 1354 1447 naas-

211 1507 343 1554 arrnno.
413 1488 560 1554 Grauiter
581 1509 639 1554 nos
662 1490 812 1554 Iohannis
837 1489 1033 1564 catholi<oi>
1055 1489 1167 1555 afflixit
1193 1490 1354 1568 interitus,

212 1615 305 1677 quem
334 1595 484 1660 haeretici
512 1596 666 1661 Dorothei
693 1597 825 1660 uesania
855 1597 1029 1678 perhibetis
1063 1597 1248 1661 extinctum.
1281 1616 1355 1661 nam

212 1703 346 1767 eundem
365 1704 561 1768 Dorotheum
582 1702 888 1788 Constantinopolim
907 1704 999 1768 iussu
1018 1704 1169 1786 principis
1185 1704 1356 1769 didicimus
1375 1725 1401 1764 ιο

169 1821 188 1882 2
214 1813 394 1876 euocatum.
418 1810 571 1876 aduersus
592 1829 687 1892 quem
707 1809 822 1876 domno
842 1814 875 1875 et
892 1811 957 1875 fflio
977 1814 1084 1875 nostro
1105 1811 1355 1876 clementissimo

211 1918 346 2000 principi
379 1916 500 1982 debetis
533 1917 691 1996 insistere,
729 1937 769 1982 ne
806 1917 847 1982 ad
883 1919 1013 1983 eandem
1051 1917 1215 1983 ciuitatem
1252 1918 1355 1983 denuo

211 2027 390 2088 reuertatur
426 2024 482 2088 sed
520 2024 734 2106 episcopatus,
774 2043 869 2108 quem
907 2043 1081 2108 numquam
1121 2025 1201 2088 bene
1244 2026 1355 2109 gessit,

211 2133 330 2197 honore
354 2131 499 2212 deposito
524 2131 562 2194 ab
583 2131 693 2195 eodem
712 2131 783 2196 loco
804 2132 844 2196 ad
863 2132 1030 2197 ecclesiam
1048 2132 1176 2215 longius
1196 2128 1357 2215 'relegetur

211 2236 264 2301 uel
292 2241 377 2302 certe
405 2238 468 2301 huc
496 2237 536 2302 ad
558 2239 669 2302 urbem
694 2237 754 2302 sub
778 2238 1001 2320 prosecutione
1025 2256 1167 2322 congrua
1190 2236 1354 2321 dirigatur.
1374 2258 1398 2296 rs
1504 2304 1505 2307 Ἴ

168 2359 188 2420 3
212 2344 252 2407 ad
279 2345 360 2409 hanc
389 2345 484 2409 otiam
512 2348 635 2428 partem
663 2344 833 2428 inuigilare
862 2343 1029 2421 debebitis,
1057 2364 1096 2408 ne
1129 2345 1161 2408 in
1192 2344 1263 2409 loco
1288 2343 1356 2408 eius

211 2451 368 2517 Aristides
392 2452 492 2517 totius
517 2451 593 2517 mali
617 2452 761 2517 incentor
784 2453 817 2516 ct
840 2451 987 2517 conscius
1011 2451 1210 2534 quibuslibet
1228 2451 1357 2533 subrep-

211 2559 352 2623 tionibus
386 2558 557 2638 ordinetur,
590 2579 663 2623 nam
696 2560 776 2623 nihil
807 2558 939 2642 prodest
969 2560 1087 2623 mutari
1117 2578 1296 2640 personam,
1329 2557 1358 2623 si

212 2666 280 2731 eius
311 2666 461 2731 deformis
491 2665 634 2749 nequitia
660 2670 861 2749 perseueret;
891 2665 947 2732 scd
974 2666 1071 2730 talem
1099 2666 1205 2730 uirum
1234 2664 1357 2730 debetis

212 2772 338 2857 eligere,
364 2775 401 2836 ut
425 2772 462 2837 de
485 2773 605 2839 iudicio
629 2776 737 2837 uestro
762 2776 877 2837 cuncta
899 2773 1129 2837 catholicorum
1153 2774 1398 2856 congregation

168 2894 189 2957 4
214 2880 400 2963 gratuletur.
425 2880 476 2944 his
499 2879 600 2963 igitur
624 2879 803 2944 obseruatis
827 2898 883 2962 pro
907 2879 1049 2944 Thomas
1068 2882 1163 2961 atque
1181 2879 1358 2944 Nicostrati

210 2985 344 3051 fratrum
361 2988 393 3050 et
407 2986 669 3070 coepiscoporum
683 2989 864 3051 nostrorum
878 2986 1022 3069 personis
1031 2986 1165 3050 intentio
1176 2986 1357 3052 dilectionis

211 3095 337 3158 uestras
378 3094 584 3158 uehementer
624 3091 719 3157 dehet
760 3093 951 3158 incumbere.
993 3112 1067 3157 nam
1109 3092 1187 3176 quid
1227 3094 1359 3175 prodest

211 3198 378 3263 ecclesiam
392 3199 636 3282 redintegrasse,
653 3198 680 3263 si
696 3200 734 3264 ab
750 3200 819 3265 aius
839 3219 968 3283 corpore
987 3199 1170 3265 sacerdotes
1190 3199 1357 3264 uideamus

211 3310 384 3383 extraneos,
414 3324 493 3387 quos
522 3305 554 3373 iu
582 3310 724 3371 nostram
753 3308 1007 3373 communionem
1040 3326 1100 3372 uos
1134 3310 1228 3371 caute
1262 3311 1357 3389 atque
1374 3328 1397 3366 u

210 3413 439 3477 rationabiliter
463 3432 524 3477 non
547 3413 720 3497 ignorastis
745 3432 817 3477 csse
840 3417 1032 3496 susceptos?
1055 3414 1140 3478 unde
1158 3431 1221 3478 non
1239 3415 1356 3479 leuiter

211 3538 267 3584 nos
302 3538 351 3584 ros
389 3521 451 3583 ista
489 3520 665 3595 contristat,
705 3521 732 3585 si
771 3520 809 3585 ab
847 3520 908 3597 his,
946 3520 1000 3602 qui
1039 3519 1124 3584 sedis
1162 3520 1356 3601 apostolicae

246 3728 315 3782 ide
332 3728 450 3783 tramit
467 3728 536 3781 Bor.

246 3816 313 3873 227.
386 3814 454 3870 Dat.
475 3816 571 3883 (amul
588 3832 647 3871 cum
666 3833 705 3885 ep.
725 3820 794 3884 175)
814 3834 841 3872 a.
860 3820 914 3870 519
933 3817 976 3871 dic
996 3821 1015 3870 3
1032 3817 1113 3882 Dao.,·
1126 3834 1178 3886 par
1195 3815 1356 3871 Paulinam.

210 3906 284 3961 Eud.
306 3904 371 3961 Car.
389 3903 420 3958 Ρ
440 3906 502 3971 515,·
519 3905 589 3959 Bar.
610 3905 649 3959 od
667 3923 693 3958 a.
712 3908 774 3969 519,
794 3909 861 3972 134;
882 3905 988 3960 Collcct
1012 3905 1130 3972 Concu,-
1147 3906 1229 3960 BTA
1248 3906 1270 3960 Ι
1287 3908 1358 3970 438,-

214 3994 293 4051 Tba'cl
313 3997 380 4049 903.
444 3993 580 4049 8catholi
603 3992 634 4057 V,
653 4010 720 4048 corr.
741 4011 759 4045 a
823 3994 971 4049 lutreiste
994 3994 1027 4059 V,
1046 4011 1114 4049 corr.
1135 4013 1153 4046 α
1207 3996 1243 4049 14
1261 3994 1296 4047 ad
1314 4012 1355 4047 oc·

212 4084 320 4139 alesiam
344 4084 384 4139 V:
407 4100 437 4139 ac
462 4082 577 4137 ecclesia
602 4082 675 4146 Gor,
696 4082 729 4135 ab
754 4082 869 4136 ecclesia
886 4084 957 4136 Bar.
1050 4084 1083 4137 18
1101 4084 1132 4137 nl
1151 4088 1197 4150 (=
1215 4083 1296 4150 nihil)
1320 4082 1356 4135 V:

211 4172 261 4225 nul
280 4190 305 4231 α,
324 4166 398 4225 rende
415 4170 485 4224 nulli
504 4190 518 4223 ο
610 4170 642 4223 19
662 4170 719 4223 eius
739 4169 868 4224 deformis
886 4172 1011 4239 nequitia
1028 4172 1141 4240 scripsi:
1159 4169 1246 4225 eidem
1264 4170 1355 4225 formis

211 4261 334 4329 nequicie
363 4260 395 4325 V,
420 4259 539 4313 eiusdem
564 4258 675 4313 formam
698 4258 837 4328 inequitias
861 4276 885 4322 α,
910 4260 1030 4313 eiusdem
1059 4261 1143 4315 sonna
1169 4262 1308 4330 nequitias
1330 4258 1356 4312 o²

212 4350 247 4402 23
265 4350 317 4418 pde
340 4349 367 4404 V
417 4350 453 4402 24
472 4364 580 4418 corpore
599 4364 632 4401 ac
650 4350 766 4418 corporis
791 4347 817 4399 V
