3025 4975
205 419 271 482 682
381 414 577 483 suggestiones
596 413 720 468 Dioscori
739 415 768 466 et
784 412 937 481 legatorum
956 411 991 464 ad
1009 409 1181 464 Hormiedam

207 611 386 696 cogitemus
415 610 568 687 absentia,
598 613 630 675 et
657 628 713 691 pro
741 608 793 673 his
820 608 916 672 rebus
946 605 1130 673 sollicitudo
1158 609 1267 672 nostro
1289 625 1351 670 non

159 717 182 779 2
206 718 327 800 patitur
351 716 510 782 scribendi
534 715 697 799 quaslibet
719 714 903 779 occasiones
927 714 1086 780 omittere.
1146 712 1278 778 antehac
1295 731 1354 794 per

205 825 461 910 magistrianum,
486 823 541 907 qui
564 823 596 888 in
619 822 746 906 patricii
770 820 954 904 Symmachi
977 819 1134 886 remeauit
1152 820 1351 901 obsequium,

205 931 329 998 litteras
357 930 485 996 karitati
514 933 639 995 uestrae
668 928 851 1006 direximus,
880 928 1054 1005 hortantes,
1081 930 1117 992 ut
1139 945 1198 992 nos
1221 926 1259 990 de
1282 925 1353 990 uni-

206 1039 320 1116 uersis,
350 1057 430 1121 quae
458 1039 491 1102 in
521 1056 617 1102 cause
645 1035 864 1102 ecclesiastica
891 1038 983 1120 gesta
1011 1037 1088 1100 sunt
1112 1034 1167 1098 uel
1190 1036 1352 1118 geruntur,
1384 1056 1399 1098 a

206 1165 266 1210 non
292 1145 483 1211 omitteretis
506 1145 678 1210 instruere:
704 1143 789 1226 quod
812 1145 845 1206 et
861 1143 966 1208 facere
984 1160 1040 1225 pro
1060 1144 1187 1207 nostrae
1205 1140 1354 1225 cogiteti-

207 1254 275 1318 ouie
308 1252 503 1317 releuatione
536 1250 704 1316 debebitis.
738 1250 840 1316 nostri
871 1249 956 1314 enim
989 1248 1059 1314 uoti
1091 1251 1151 1327 est,
1184 1250 1222 1312 ut
1251 1246 1354 1312 labori

206 1362 313 1424 uestro
356 1358 434 1424 deus
481 1358 679 1441 omnipotens
727 1357 943 1422 desideratum
989 1355 1160 1422 concedere
1205 1355 1356 1440 dignetur

160 1463 182 1526 3
207 1465 366 1531 effectum.
436 1463 632 1548 Stephanum
656 1464 899 1549 negotiatorem,
921 1483 978 1546 per
1000 1482 1096 1545 quem
1123 1463 1217 1528 uobis
1244 1465 1355 1528 nostra

207 1572 431 1636 contradentur
454 1569 604 1652 alloquia,
628 1569 660 1634 in
685 1587 747 1652 quo
771 1569 852 1633 ratio
875 1568 1068 1652 poposcerit,
1096 1568 1354 1652 competentibus
1373 1591 1398 1630 ro

206 1676 329 1742 solatiis
360 1675 519 1753 adiuuate,
549 1675 624 1758 quia
650 1676 735 1740 hunc
759 1694 884 1758 semper
906 1676 1052 1740 nostrum
1074 1675 1176 1740 fuisse
1198 1673 1352 1738 recolitis.

206 1783 289 1848 Data
312 1782 423 1848 eodem
448 1783 509 1848 die.

478 2117 552 2162 lusu
575 2117 744 2163 succesus
769 2117 915 2163 ulosccm
937 2117 1081 2164 nucem.

250 2223 326 2288 Erat
346 2222 485 2305 optabile
504 2225 537 2286 et
554 2225 631 2287 uoto
651 2224 759 2287 nostro
779 2223 970 2287 conueniens
985 2223 1190 2288 consonantia
1203 2223 1352 2306 praeteri·
1369 2249 1394 2288 ιι

205 2329 248 2394 tis
274 2328 430 2404 nuntiare,
450 2329 575 2394 scilicet
598 2328 782 2411 pontificem
806 2329 1172 2413 Constantinopolitanae
1198 2329 1350 2395 ecclesiae

204 2435 377 2503 Iohannem
410 2453 479 2501 esse
513 2435 720 2519 superstitem
753 2438 786 2500 et
818 2435 1048 2502 contessionem
1078 2436 1189 2503 libello
1222 2436 1350 2503 editam.

206 2544 297 2609 cuius
321 2542 436 2608 merita
458 2562 519 2607 non
544 2546 593 2608 est
616 2543 748 2609 dubium
769 2544 827 2609 deo
846 2545 981 2627 placere,
1001 2544 1056 2627 qui
1073 2545 1157 2609 inter
1174 2544 1349 2609 catholicos

206 2653 238 2715 et
266 2648 551 2713 communicatores
581 2649 666 2713 sedis
691 2650 887 2733 apostolicae
909 2650 1029 2715 meruit
1051 2648 1091 2713 ad
1115 2650 1209 2714 aliam
1232 2669 1270 2713 ex
1292 2650 1350 2713 hac

159 2764 181 2824 2
207 2756 273 2820 uita
302 2754 474 2819 discedere.
503 2754 533 2819 in
564 2756 654 2820 ouius
681 2756 789 2821 locum
812 2756 1010 2839 Epiphanius
1034 2756 1164 2838 quidam
1186 2755 1350 2839 presbyter
1366 2782 1391 2821 eo

206 2861 362 2944 quondam
393 2861 553 2944 syncellus
583 2861 651 2926 eius
681 2862 828 2927 accessit.
857 2862 949 2927 cuius
971 2862 1063 2927 initia
1085 2862 1169 2928 bona
1190 2862 1348 2939 uidentur,

204 2988 276 3033 nam
313 2968 514 3031 rationabilia
545 2968 689 3049 loquitur
721 2974 753 3033 et
788 2969 949 3052 promittit
984 2972 1112 3051 patrum
1150 2988 1184 3033 se
1220 2971 1348 3053 regulae

205 3078 407 3138 seruaturum
434 3094 545 3157 pacem
573 3076 792 3159 unitatemque
821 3076 997 3142 ordinatam
1024 3094 1086 3142 uon
1115 3076 1271 3157 dissipare
1293 3075 1349 3139 sad

158 3180 307 3265 smegis
346 3200 470 3265 augere.
503 3182 567 3247 iste
599 3184 674 3246 sunt
697 3201 778 3265 quae
800 3182 976 3266 promittit3
1008 3181 1085 3264 quid
1117 3185 1224 3246 tamen
1257 3202 1348 3265 opere

204 3288 308 3372 possit
352 3286 494 3371 implere,
541 3288 644 3353 adhue
684 3290 884 3373 ignoramus3
927 3290 984 3355 has
1027 3288 1185 3371 siquidem
1225 3288 1349 3354 litteras
1366 3316 1391 3357 ee

205 3399 352 3477 quartum
395 3397 470 3477 post
510 3394 739 3460 ordinationem
782 3396 850 3460 eius
893 3395 976 3462 diem
1017 3399 1141 3480 reperta
1185 3395 1349 3461 occasione

204 3500 441 3565 transmisimus
475 3500 611 3565 necdum
645 3520 718 3565 cum
751 3521 788 3567 eo
822 3503 1140 3581 communicauimus,
1164 3522 1225 3567 nou
1258 3502 1349 3584 quasi

157 3608 180 3670 4
203 3608 389 3671 resistentes
414 3606 470 3671 sed
493 3608 567 3690 quia
590 3608 693 3673 adhuc
717 3610 756 3674 ab
777 3628 813 3673 eo
834 3630 895 3675 uon
915 3630 1026 3675 sumus
1046 3610 1184 3675 inuitati.
1204 3611 1349 3693 superest

243 3870 325 3939 luia
343 3902 376 3939 aa
395 3871 442 3939 dia
460 3902 528 3941 eor-r.
552 3887 579 3941 V
630 3890 788 3943 dortantes
807 3889 833 3941 V
884 3888 1102 3945 dobmittcretis
1126 3890 1152 3944 V
1202 3891 1235 3945 12
1253 3888 1347 3944 eodem

202 3972 259 4043 die]
277 3974 335 4029 ecit.
355 3992 409 4043 quo
428 3992 468 4043 ep.
487 3978 549 4029 220

239 4062 307 4117 222.
343 4063 412 4118 Dat.
432 4080 458 4119 a.
481 4066 539 4117 520
556 4065 667 4121 ineante
682 4066 740 4131 fere
757 4083 846 4121 mem
858 4067 982 4133 Martio,·
1000 4085 1057 4121 acc.
1071 4068 1117 4122 die
1132 4072 1150 4121 7
1163 4069 1232 4136 Apr.
1273 4067 1345 4123 Edd.

205 4151 270 4205 car.
291 4150 321 4203 ιι
341 4156 407 4218 ser,
423 4152 494 4206 nar.
510 4152 550 4207 aa
563 4169 589 4207 a.
606 4156 673 4221 520,
692 4158 722 4221 r‚·
739 4154 849 4209 coriae.
868 4154 987 4219 concae·
1008 4155 1087 4210 ιιιιιι
1102 4160 1160 4213 on.
1197 4158 1232 4211 rr
1245 4142 1307 4211 »110
1324 4156 1349 4207 ι7

201 4240 235 4293 21
257 4240 383 4293 sincellue
407 4239 431 4293 V
537 4244 668 4297 successit
689 4243 752 4297 Gar.
853 4244 887 4297 26
907 4248 1003 4313 quarta
1018 4286 1023 4297 .
1039 4285 1045 4298 .
1061 4244 1182 4299 eiusdem
1199 4248 1306 4316 reperta
1323 4263 1344 4313 ρ,

203 4330 300 4395 quarta
316 4370 321 4381 .
338 4370 343 4381 .
358 4328 478 4381 eiusdem
498 4329 541 4383 die
560 4336 667 4401 reperta
689 4331 753 4387 Car.
