3025 4975
223 440 287 504 512
488 434 625 488 indiculus
644 434 724 489 datus
743 433 868 489 Ennodio
887 434 1037 489 Fortunato
1058 439 1108 489 etc.

224 633 388 699 obdicetur
419 632 589 707 hebetudo,
623 631 678 715 qui
711 630 805 695 deum
835 635 867 695 et
890 630 1051 695 dominum
1084 634 1228 697 nostrum
1260 633 1368 697 Iesum

224 740 385 805 Christum
425 738 559 823 figuram
595 741 719 803 tantum
757 738 860 802 carnis
896 738 1046 803 habuisse
1078 742 1217 804 testatus
1250 743 1301 804 est
1336 743 1370 804 et

223 850 348 913 nostrae
372 846 541 911 ueritatem
564 864 626 910 non
657 845 809 910 habuisse
834 844 1041 923 substantiae,
1069 845 1214 911 nesciens
1242 846 1280 911 de
1305 866 1367 929 quo

222 954 416 1037 promissum
441 953 493 1031 sit,
519 952 593 1035 quia
617 952 819 1016 uidebnnt
841 957 1058 1034 persecutores
1083 952 1162 1031 eius,
1189 954 1229 1017 in
1253 973 1368 1036 quem
1453 1024 1457 1033 ,

222 1063 495 1144 pupugerunt.
527 1059 574 1123 its
602 1059 685 1123 enim
713 1058 744 1120 in
773 1077 837 1121 una
864 1057 1037 1140 eademque
1062 1077 1198 1141 persona
1224 1060 1370 1143 persistit
1399 1077 1415 1117 ὁ

224 1171 357 1249 utraque
390 1169 510 1243 natura,
539 1168 576 1229 ut
600 1164 677 1229 deus
707 1167 802 1246 atque
834 1164 928 1231 homo
960 1184 1043 1229 unus
1076 1164 1127 1229 dei
1158 1166 1244 1231 filius
1277 1166 1369 1231 Iesus

194 1270 371 1339 SChristus
390 1272 532 1337 fidelium
553 1270 699 1336 cordibus
719 1275 914 1352 apparescat.
961 1271 1037 1353 qnid
1056 1271 1139 1335 enim
1160 1272 1371 1357 quadraginta

225 1380 347 1445 dierum
365 1383 439 1461 post
456 1378 718 1443 resurrectionem
738 1376 857 1441 domini
876 1397 949 1441 cum
967 1378 1149 1442 hominibus
1169 1380 1370 1445 conuiuenris

225 1490 256 1552 et
281 1486 499 1552 concesseritis
525 1486 592 1569 egit
613 1484 801 1567 praeseutia,
829 1484 890 1547 nisi
913 1487 950 1548 ut
972 1484 1044 1549 istis
1069 1485 1206 1568 negotiis
1229 1486 1371 1564 illorum,

226 1593 280 1676 qui
312 1593 479 1657 ueritatem
513 1592 615 1656 carnis
649 1589 716 1655 eius
749 1590 894 1675 negaturi
928 1596 1025 1668 erant,
1059 1591 1214 1656 seniorem
1250 1593 1373 1657 faceret
1391 1613 1418 1653 ro

226 1702 361 1765 aetatem
398 1697 569 1762 curationis
603 1716 672 1761 esse
706 1716 801 1778 quam
832 1696 997 1762 uulneris?
1032 1697 1078 1763 sio
1110 1699 1193 1761 enim
1226 1698 1305 1763 dixit
1329 1699 1373 1762 ed

225 1805 415 1887 discipulos:
431 1804 526 1886 quid
541 1803 739 1887 cogitatis
760 1804 796 1867 in
817 1803 1200 1869 cordibusuestris?
1216 1805 1372 1888 palpate

226 1916 265 1978 et
287 1912 436 1989 uidete,
462 1910 556 1994 quia
579 1910 756 1991 spiritus
781 1928 937 1974 carnem
961 1913 1000 1974 et
1023 1930 1115 1975 ossa
1138 1932 1212 1976 non
1235 1911 1372 1989 habet,

227 2020 354 2085 sicuti
377 2038 434 2083 me
459 2016 614 2081 uidetis
634 2017 790 2081 habere.
810 2034 912 2098 neque
931 2016 1047 2081 fuisset
1064 2017 1262 2100 mysterium,
1283 2019 1371 2099 quod

227 2127 318 2191 ostiis
351 2126 390 2190 ad
414 2142 467 2191 eos
499 2124 616 2188 clausis
649 2122 811 2207 ingressus
845 2128 904 2200 cst,
930 2123 958 2187 si
989 2122 1205 2207 integritatem
1237 2124 1373 2190 hnmani
1393 2147 1419 2186 rs

196 2230 366 2317 temporis
394 2251 455 2295 non
483 2230 629 2295 habebat.
683 2248 858 2311 possumus
888 2248 924 2293 en
946 2230 1007 2294 hoc
1034 2229 1115 2294 douo
1144 2230 1235 2294 uerbi
1261 2250 1373 2314 proee-

226 2340 352 2404 dentem
384 2338 511 2423 tongins
539 2336 675 2420 proferre
708 2355 894 2413 sermonem,
923 2336 978 2401 sed
1007 2337 1084 2401 satis
1113 2356 1183 2401 esse
1211 2337 1373 2403 eredimus

225 2466 281 2532 per
295 2446 389 2512 deum
404 2449 547 2512 nostrum
561 2442 704 2508 eruditae
720 2442 907 2508 clementiae
919 2446 1044 2509 uestrae
1055 2444 1175 2508 strictis
1191 2444 1374 2528 supplicare

227 2553 488 2639 suggestionibus
527 2555 698 2634 sperantes,
736 2555 774 2614 ut
809 2551 949 2616 laborem
990 2570 1162 2634 curamque
1198 2553 1374 2634 pastoralis

227 2661 323 2727 officii
347 2657 576 2723 uenerabilium
600 2658 803 2723 decessorum
826 2661 1006 2722 uestromm
1029 2658 1180 2722 Marciani
1204 2662 1237 2723 et
1254 2659 1372 2725 Leonis
1392 2686 1423 2726 so

227 2768 360 2832 sormam
375 2765 477 2830 secuti
492 2764 588 2829 etiam
596 2764 779 2847 principalis
793 2765 953 2846 potentiae
968 2764 1209 2848 participatione
1219 2765 1374 2832 fulciatis.

227 2873 385 2938 habebitis
419 2871 476 2936 deo
508 2870 644 2954 propitio
678 2889 767 2953 spem
800 2871 838 2934 de
870 2870 1015 2935 uictoriis
1047 2891 1109 2935 non
1142 2871 1309 2950 iacentem,
1346 2875 1375 2937 si

227 2979 440 3062 pontificalem
463 2980 571 3042 contra
589 2975 705 3040 diaboli
725 2976 946 3058 subreptiones
966 2976 1221 3061 congressionem
1240 2979 1377 3059 pacifica

176 3083 267 3149 idad
286 3085 510 3150 decertandum
525 3083 731 3148 instructione
746 3083 908 3148 muniatis.
954 3102 1127 3165 numquam
1141 3083 1172 3147 in
1189 3088 1375 3149 sanctarum

229 3193 432 3256 ecclesiarum
457 3191 610 3256 memoria
625 3189 782 3265 Dioscori,
805 3190 969 3273 participis
992 3191 1190 3273 Eutychetis,
1211 3191 1375 3256 Timothei
1396 3217 1425 3257 ss

229 3301 261 3362 et
286 3298 373 3362 Petri
401 3297 627 3380 parricidarum
655 3297 913 3361 commemoratio
940 3297 1135 3371 reuiueseat;
1164 3302 1311 3361 seruetur
1335 3300 1376 3363 ab

229 3403 375 3468 omnibns
418 3403 638 3485 suspiciendae
681 3401 924 3468 Calcedonensis
966 3403 1079 3485 synodi
1121 3403 1179 3468 deo
1215 3423 1272 3487 per
1312 3424 1377 3470 uos

229 3513 377 3592 operante
402 3509 557 3586 definiti03
581 3509 717 3572 Aeacius
741 3509 828 3572 Petri
851 3509 1050 3573 tenebrarum
1073 3509 1131 3573 filii
1151 3511 1378 3576 communione

228 3617 372 3700 pollutus
396 3616 511 3680 habeat
534 3616 714 3698 participes,
740 3634 820 3697 quos
846 3615 973 3698 delegit,
998 3615 1053 3697 qui
1076 3617 1171 3681 etiarn
1195 3617 1277 3681 inter
1296 3637 1378 3684 suos

229 3743 377 3789 excessus
401 3742 457 3788 nec
481 3722 520 3786 de
538 3723 632 3786 Petro
651 3721 848 3786 Antiocheno
868 3725 900 3785 et
920 3721 1128 3804 complicibus
1148 3723 1216 3788 eius
1235 3723 1377 3790 nitidum
1399 3753 1429 3793 so

185 3831 191 3844 '
230 3849 263 3894 se
288 3849 358 3894 esse
385 3849 555 3913 perpessus
584 3832 649 3906 est3
679 3832 806 3893 cessent
832 3828 1002 3892 maledicta
1028 3828 1090 3911 piis
1119 3833 1245 3894 sanotae
1272 3849 1380 3897 recor-

319 4053 878 4123 ssmmmrmmmmm

267 4179 280 4230 1
305 4175 436 4231 hebitudo
466 4175 495 4242 V,
519 4192 586 4231 corr.
614 4175 693 4229 Car:
715 4176 881 4246 habitudop
972 4181 988 4232 5
1011 4184 1185 4248 pupugerunt
1207 4178 1245 4232 0²:
1269 4195 1379 4250 pugna-

229 4265 374 4320 ueruntV
423 4267 488 4319 9nt
506 4264 617 4334 scripsi:
635 4265 713 4320 inV
758 4268 790 4319 lo
808 4265 1014 4335 praecedentem
1036 4267 1100 4321 Cor.
1154 4269 1186 4322 18
1205 4267 1345 4322 dominnm
1362 4291 1381 4322 α

229 4355 262 4409 21
284 4354 364 4408 sicuti
390 4353 417 4420 V,
437 4370 505 4410 corr.
525 4355 594 4408 Bar.
650 4355 685 4408 24
704 4371 809 4408 scarum
832 4354 859 4408 V
910 4356 944 4408 27
964 4356 1182 4426 suscipiendaeo
