3025 4975
244 488 307 555 562
536 486 681 541 Hormisds
699 488 782 541 Auito
801 487 927 558 episcopo
945 486 1094 543 Uiennensi

243 683 363 749 alienos
392 683 430 747 ab
461 682 677 749 ecclesiastico
706 700 835 765 corpore
863 682 1058 747 destinantes
1086 701 1148 748 non
1172 683 1391 765 sequendam

244 788 436 855 studuerunt
464 788 501 853 de
529 808 636 869 caeno,
665 808 727 872 quo
755 789 898 855 immersi
924 792 1082 868 tenentur,
1106 789 1255 855 euoluere
1277 808 1391 855 uerum

244 896 340 964 etiam
369 896 544 962 catholicae
571 896 646 961 fidei
674 896 817 961 claritate
844 895 1004 981 fulgentes
1032 914 1100 975 sua,
1124 896 1209 978 quod
1237 896 1331 975 absit,
1355 916 1391 963 se
1505 899 1506 976 j

199 998 219 1062 6
243 1022 338 1087 posse
367 1003 566 1069 crediderunt
593 1002 737 1069 siccitate
761 1002 908 1067 fuscare?
985 1002 1064 1067 haec
1086 1003 1150 1068 fuit
1170 1003 1271 1068 nostri
1294 1020 1393 1068 cansa
1505 1085 1506 1088 Ἴ

244 1110 371 1187 silentii,
402 1130 496 1194 quam
523 1130 582 1176 uos
612 1128 738 1193 quoqne
762 1108 899 1192 spiritali
921 1108 1015 1174 uobis
1038 1109 1206 1191 prudentia
1228 1109 1391 1174 reuelante
1423 1133 1435 1171 s
1505 1107 1506 1186 j

243 1216 381 1284 uidistis.
416 1218 493 1301 quid
525 1218 608 1282 enim
641 1218 679 1281 de
710 1217 771 1281 hec
804 1235 902 1281 causa
931 1219 1075 1300 poteram
1108 1216 1238 1281 directis
1272 1217 1391 1282 litteris
1505 1215 1506 1286 l

242 1323 391 1403 indicare,
429 1344 523 1407 quam
560 1325 592 1389 in
631 1328 719 1389 statu
757 1342 816 1387 suo
852 1323 1002 1388 uidebarn
1039 1322 1150 1387 duram
1185 1322 1392 1405 pertinaciter

243 1432 403 1497 custodire
426 1432 613 1513 perfidiam?
636 1430 712 1495 noui
730 1431 833 1495 exitus
853 1429 990 1495 sollicite
1010 1430 1207 1514 diligentiam
1224 1430 1390 1495 relationis
1505 1435 1506 1466 ¹

242 1538 415 1621 inquirent:
440 1539 494 1621 qni
518 1540 557 1603 de
580 1539 675 1603 rebus
699 1537 838 1621 cognitis
861 1537 941 1601 nihil
959 1536 1088 1614 indicat,
1109 1536 1233 1601 abunde
1249 1537 1283 1601 in
1301 1540 1391 1603 statu

200 1626 220 1701 7
244 1664 301 1710 suo
329 1664 454 1710 manere
482 1644 585 1729 priora
609 1643 757 1709 declarat.
826 1646 1029 1727 quapropter,
1053 1643 1259 1709 dilectissime
1281 1644 1390 1722 frater,
1410 1669 1435 1708 ιο
1505 1641 1506 1716 i

244 1754 276 1817 et
307 1770 365 1817 uos
398 1752 618 1836 praesentibus
652 1750 817 1815 hortamur
843 1750 992 1832 alloquiis
1020 1752 1053 1814 et
1080 1769 1136 1833 per
1162 1770 1221 1815 nos
1251 1770 1389 1834 quoqne,
1505 1789 1506 1792 =

244 1858 318 1940 quia
350 1858 472 1923 occasio
506 1858 580 1921 data
612 1861 672 1935 est,
706 1856 786 1922 alios
818 1875 874 1938 per
901 1856 1035 1933 Gallias,
1064 1876 1144 1939 quos
1170 1856 1250 1922 fides
1278 1858 1391 1923 eadem
1505 1915 1506 1918 ,

244 1964 411 2029 nobiscum
439 1965 651 2048 amplectitur,
681 1964 903 2028 admonemus:
933 1963 1123 2046 promissam
1155 1966 1189 2029 et
1220 1964 1390 2029 amabilem
1505 1953 1506 1994 ³

243 2071 301 2137 deo
338 2070 412 2135 fidei
448 2073 572 2135 seruate
609 2070 820 2135 constantiam
858 2073 892 2135 et
926 2073 1196 2154 transgressomm
1235 2072 1389 2136 societate
1505 2055 1506 2142 J

244 2178 401 2243 declinata
415 2178 623 2242 constantiam
641 2180 783 2242 uestrum
802 2177 869 2241 uni
888 2177 976 2242 uiro
995 2176 1194 2261 uirginem
1215 2181 1386 2253 castam,
1406 2202 1434 2242 re

244 2285 328 2349 sicut
351 2284 576 2367 spopondistis,
602 2283 792 2349 exhibete
816 2283 981 2349 Christo
1007 2287 1039 2347 et
1062 2287 1183 2363 cauete,
1207 2303 1252 2349 ne
1276 2285 1389 2349 sicut
1505 2325 1506 2336 2

244 2411 413 2475 serpens
450 2392 570 2456 Euam
607 2390 773 2457 seduxit
814 2391 972 2454 astutia
1012 2409 1099 2468 sna,
1141 2390 1201 2455 ita
1241 2410 1387 2457 sensns
1505 2385 1506 2448 ἒ

244 2499 422 2582 aliquorum
460 2503 771 2584 corrumpantur
803 2518 821 2562 a
853 2498 1129 2582 simplicitate
1163 2502 1196 2564 et
1227 2500 1386 2576 castitate,
1505 2485 1506 2517 *

198 2599 218 2664 8
243 2625 342 2689 quae
370 2614 431 2672 est
458 2607 497 2670 in
527 2605 693 2672 Christo
719 2606 804 2671 Iesu.
871 2606 1051 2688 perniciosa
1074 2608 1150 2670 sunt
1171 2606 1389 2672 blandimenta
1505 2594 1506 2603 ¹

242 2713 423 2778 nocentium
437 2718 532 2795 atque
545 2713 617 2778 ideo
631 2713 766 2798 uigilare
776 2732 836 2777 uos
847 2713 1005 2792 conuenit,
1021 2712 1108 2795 quia
1122 2713 1387 2778 aduersarius
1405 2739 1434 2777 so
1505 2718 1506 2745 ³

243 2819 356 2884 salutis
380 2820 535 2884 humanae
561 2820 673 2884 sicut
699 2820 764 2884 leo
792 2820 961 2902 rugiens
990 2819 1143 2883 circuit
1170 2837 1385 2900 quaerens,

243 2946 354 3008 quem
381 2926 564 2991 deuoret:
590 2926 655 2990 cui
678 2926 870 2991 resistite
894 2926 1023 2991 fortes
1047 2925 1086 2990 in
1109 2925 1203 2990 fide.
1228 2925 1387 3007 quiahoc

242 3032 379 3116 speciale
407 3033 525 3096 habent
550 3033 650 3115 patris
679 3033 729 3097 sui
758 3032 796 3096 de
824 3032 902 3097 caeli
926 3051 997 3096 aree
1020 3032 1145 3109 deiecti,
1170 3032 1225 3114 qui
1246 3032 1388 3117 uestigia
1505 3024 1506 3089 l

243 3141 311 3204 eius
349 3142 525 3221 sequuntur
561 3142 592 3204 et
628 3139 777 3224 diligunt,
815 3141 853 3202 nt
887 3138 943 3202 illa
979 3138 1125 3203 ueritatis
1160 3139 1233 3202 luce
1267 3138 1388 3221 priuati

243 3247 321 3310 alios
355 3245 515 3328 gaudeant
547 3265 605 3310 sua
638 3246 834 3310 obscuritate
861 3245 978 3309 fuscari
1007 3249 1139 3310 etcum
1167 3245 1387 3328 peruersitatis
1405 3269 1432 3308 ss

242 3370 318 3416 suae
341 3370 457 3434 poenes
480 3353 617 3418 luituros
642 3371 711 3417 esse
736 3371 771 3416 se
795 3352 907 3425 sciant,
931 3352 1083 3430 exultent,
1107 3353 1136 3416 si
1158 3351 1292 3416 miseros
1311 3371 1386 3418 cum

199 3452 302 3522 9sua
332 3457 590 3522 condemnatione
623 3459 824 3541 coniungant.
892 3478 965 3522 nam
997 3458 1079 3522 unde
1112 3462 1170 3526 est.
1199 3459 1284 3541 qnod
1312 3478 1387 3525 curn

240 3582 297 3647 pro
338 3582 453 3647 magna
492 3567 582 3646 parte
620 3583 637 3627 a
674 3565 877 3628 conterminis
915 3564 982 3628 suis
1018 3564 1193 3629 Thracibus
1230 3565 1386 3632 Dardanis

332 3757 365 3810 15
385 3755 445 3810 Cor.
464 3756 492 3810 Il
514 3756 555 3820 11,
575 3757 591 3809 2
611 3772 650 3824 sq.
706 3757 740 3810 20
759 3756 831 3809 Petr.
850 3755 864 3808 I
883 3758 907 3819 5,
927 3757 945 3810 8
964 3773 1004 3825 sq.

277 3871 290 3923 1
311 3885 339 3922 se
359 3869 494 3939 quondum
515 3869 549 3936 (l)
570 3870 682 3938 Peiper:
700 3871 792 3924 sedam
809 3870 855 3923 cel
873 3871 966 3923 sedam
989 3869 1020 3934 V,
1041 3887 1070 3924 se
1090 3871 1154 3924 Gar.
1223 3871 1240 3925 3
1260 3873 1386 3929 claritate

239 3959 363 4028 fulgente
388 3957 418 4022 V,
438 3974 506 4012 corr.
526 3958 565 4030 9²:
587 3959 737 4012 claritatem
757 3959 909 4026 fulgentem
926 3959 998 4013 Bar.
1053 3961 1142 4014 abscit
1159 3959 1187 4012 V
1225 3962 1386 4016 deiecitate

240 4047 355 4101 Hartcl:
366 4047 490 4101 sicietute
501 4047 531 4112 V,
544 4045 741 4101 obscuritateo²
751 4047 796 4116 (cf.
806 4047 890 4114 infra
898 4050 992 4114 ea25).
1005 4049 1136 4103 societate
1149 4048 1241 4106 Goecst.
1253 4057 1346 4117 (acac
1354 4057 1387 4105 ut
1505 4064 1506 4071 ’

240 4137 373 4203 cdfirraat
390 4137 488 4202 Tla'el),
502 4137 629 4190 satietate
648 4137 747 4205 Peiper
789 4137 806 4190 8
824 4137 959 4191 sollicitae
977 4137 1073 4192 Sisara.¹
1121 4140 1137 4192 9
1156 4139 1298 4208 inquirunt
1313 4140 1386 4194 Bar.

242 4225 275 4278 12
293 4223 410 4278 fldes‘V
472 4227 505 4279 16
525 4226 629 4279 exibete
653 4225 680 4278 V
739 4225 776 4280 20
794 4227 920 4296 uigillare
942 4227 970 4280 V
1025 4227 1205 4282 eademnam
1230 4228 1262 4293 V,
1280 4243 1385 4283 corno

240 4313 274 4367 23
294 4313 373 4366 arche
396 4313 429 4378 V,
449 4329 516 4368 corr.
536 4334 550 4364 o
622 4315 742 4384 uestigia
760 4335 788 4369 o:
810 4317 842 4370 de
862 4317 982 4385 uestigia
999 4317 1025 4370 V
1091 4319 1125 4372 25
1146 4315 1209 4371 <et>
1228 4317 1297 4371 alios
1319 4318 1385 4373 Car.

240 4401 362 4472 gaudent
384 4403 414 4468 V,
433 4419 501 4458 corr.
521 4422 534 4453 o
590 4405 623 4456 27
643 4421 679 4457 na
697 4407 760 4474 (pro
779 4411 825 4472 na)
850 4406 874 4458 V
928 4405 1101 4461 tetrantes
1126 4408 1151 4460 V
