3025 4975
202 434 266 496 714
601 429 767 482 lastinianus
785 426 947 480 Hormisdac

245 627 401 690 lohannes
429 625 647 691 misericordia
675 625 724 690 dei
754 625 924 708 episcopus
953 623 1247 706 Claudiopolitanae
1270 624 1350 689 ciui·

201 733 277 798 tatis
301 733 484 816 prouinciae
506 733 648 796 Isauriae
672 737 709 796 ut
733 750 838 813 supra.

150 839 190 902 13
245 841 399 904 Paternus
432 839 652 904 misericordia
684 839 734 904 dci
758 839 929 922 episcopus
951 839 1161 911 <Tomitanae
1183 837 1349 913 ciuitatis>

201 947 382 1030 prouinciae
407 946 554 1030 Scythiae
578 947 844 1027 metropolitanus
867 949 905 1010 ut
927 966 1033 1028 supra.

245 1055 426 1119 Marcianus
443 1053 660 1118 misericordia
674 1053 725 1117 dei
740 1054 910 1136 episcopus
925 1053 1192 1118 Chalcedonensis
1207 1052 1351 1117 ciuitatis
1381 1072 1396 1111 a

200 1161 467 1244 metropolitanus
492 1162 530 1224 ut
553 1179 657 1243 supra.

245 1267 444 1351 Polydeuces
467 1265 684 1331 misericordia
708 1266 760 1330 dei
783 1266 953 1349 episcopus
972 1266 1188 1330 Antiochense
1208 1264 1352 1329 ciuitatis

201 1373 467 1456 metropolitanus
491 1377 529 1438 ut
553 1391 658 1456 supra.

245 1481 403 1546 Patricius
432 1479 650 1545 misericordia
673 1479 725 1544 dei
749 1480 919 1562 episcopus
943 1478 1247 1563 Eudoxiopolitanae
1271 1479 1350 1544 ciui-

201 1587 278 1652 tatis
302 1587 565 1668 metropolitanus
589 1589 626 1650 ut
650 1604 755 1669 supra.
1368 1605 1396 1644 rc

245 1695 401 1778 Eulogius
416 1693 634 1758 misericordia
648 1693 699 1757 dei
718 1694 888 1776 episcopus
908 1693 1055 1758 Milesiae
1073 1693 1216 1758 ciuitatis
1234 1698 1351 1758 metro·

201 1801 363 1884 politanus
387 1805 423 1866 ut
447 1819 552 1883 supra.

247 1907 425 1989 Stephanus
449 1906 667 1973 misericordia
691 1905 742 1971 dei
762 1907 932 1990 episcopus
950 1907 1186 1972 Filomeliensis
1206 1906 1351 1970 ciuitatis

202 2016 383 2098 prouinciae
406 2014 545 2079 Pisidiae
569 2018 607 2079 ut
630 2033 735 2097 supra.

248 2121 470 2187 christodolus
493 2120 712 2186 misericordia
735 2121 785 2186 dei
809 2119 1252 2204 episcopusMethymncusis
1272 2119 1396 2185 ciui-1⁵

201 2229 278 2293 tatis
302 2233 340 2294 ut
363 2247 468 2311 supra.

152 2342 192 2404 14
245 2335 443 2400 Palmantius
457 2335 609 2400 minimus
626 2335 795 2417 episcopus
810 2332 997 2398 Oenoandae
1011 2333 1153 2399 ciuitatis
1166 2334 1353 2416 prouinciae

201 2440 315 2525 Lyciae
339 2445 376 2507 ut
400 2461 504 2525 supra.

247 2549 403 2614 lohannes
436 2548 654 2613 misericordia
687 2550 737 2614 dei
771 2548 943 2632 opiscopus
980 2547 1170 2613 Attaliensis
1206 2548 1350 2613 ciuitatis

203 2657 367 2737 utsupra.
1368 2670 1397 2709 ²⁰

247 2761 403 2827 Iohannes
438 2762 655 2828 misericordia
691 2762 742 2827 dci
780 2762 950 2845 episcopus
988 2760 1175 2846 Olympinac
1208 2761 1360 2826 ciuitatis

202 2868 385 2949 prouinciae
408 2870 521 2952 Lyciae
545 2873 583 2934 ut
606 2888 712 2953 supra.

247 2975 428 3040 Marcianus
452 2976 602 3041 minimus
623 2976 793 3059 episcopus
811 2974 991 3040 Marcianas
1007 2975 1149 3041 ciuitatis
1167 2975 1353 3058 prouinciae

206 3081 321 3165 Lyciae
345 3085 382 3146 ut
406 3101 511 3165 supra.

247 3189 347 3255 Focas
389 3189 542 3254 minimus
581 3190 749 3273 episcopus
786 3190 953 3255 Dardanae
987 3188 1130 3254 ciuitatis
1167 3188 1351 3272 prouinciae
1367 3202 1397 3242 2⁵

203 3295 405 3379 Hellesponti
429 3298 466 3359 ut
490 3316 595 3379 supra.

247 3402 377 3467 Zoticus
406 3401 624 3467 misericordia
653 3402 702 3467 dei
736 3403 906 3485 opiscopus
936 3400 1174 3485 Carpathiensis
1207 3399 1352 3465 ciuitatis

203 3509 385 3589 prouinciae
408 3508 585 3573 insularum
609 3511 646 3572 ut
669 3528 774 3591 supra.

241 3717 256 3770 3
276 3716 433 3771 Tomitanae
454 3718 573 3773 ciuitatis
593 3718 700 3785 addidi,
720 3720 754 3786 cf.
770 3735 800 3786 p.
823 3721 891 3785 678,
914 3721 931 3770 5
973 3720 988 3773 7
1008 3716 1158 3787 polideucis
1181 3717 1212 3779 V,
1232 3718 1351 3771 conati:

204 3804 376 3859 Polideucius
400 3805 463 3861 Car.
520 3806 710 3861 antioceneV
763 3806 833 3861 7-8
850 3806 1035 3875 Polyd...ut
1054 3822 1134 3876 supra
1151 3806 1235 3875 culpo
1254 3822 1315 3859 cum
1334 3824 1351 3858 α

205 3900 311 3963 troaap.
325 3900 391 3963 post
410 3896 498 3949 9-10
516 3896 651 3949 Patricius
668 3938 673 3949 .
689 3940 694 3951 .
709 3899 740 3949 ut
759 3913 842 3966 supra
906 3895 937 3949 11
957 3895 1081 3949 Milesiae
1101 3894 1223 3949 ciuitatis
1239 3882 1351 3964 acropai:

204 3984 302 4054 milicie
329 3984 371 4038 clu
401 3984 432 4044 V,
451 3984 597 4038 Meliteuae
627 3984 749 4038 ciuitatis
780 3984 855 4048 Gar..
873 3984 1053 4039 Meliaiecium
1079 3983 1200 4038 ciuitatis
1219 3986 1249 4050 (l)
1272 3984 1352 4037 met

207 4072 239 4125 13
258 4072 448 4126 filomeloensis
472 4072 499 4125 V
548 4075 579 4127 15
600 4072 761 4127 cristodolus
785 4073 822 4126 V:
841 4071 1031 4127 christodoms
1053 4072 1117 4127 Car.
1188 4072 1351 4127 mathimen·

205 4163 242 4215 sis
266 4161 297 4226 V,
317 4176 385 4215 coar.
406 4161 468 4215 edii.
486 4178 540 4231 rep.
588 4162 620 4215 17
641 4161 764 4215 cenando
788 4162 819 4225 V,
838 4162 945 4216 correxi
992 4161 1024 4215 18
1043 4162 1120 4216 lisiae
1143 4159 1177 4226 V,
1195 4177 1266 4217 corr.
1287 4161 1350 4217 Car.

205 4250 236 4303 21
259 4250 404 4319 olimpinac
428 4250 454 4301 V
556 4252 590 4304 22
610 4258 634 4304 ct
654 4254 687 4303 24
706 4250 767 4316 lisia
791 4252 822 4315 V,
842 4266 911 4307 coar.
934 4250 1000 4305 Car.
1099 4251 1134 4305 26
1152 4248 1355 4321 hclcspontiV

205 4338 239 4392 27
259 4339 435 4409 carpatiensis
459 4338 485 4391 V
