3025 4975
410 420 496 489 Epist.
517 416 673 473 CLXXXVI
690 421 707 472 5
727 448 760 457 —
782 414 966 472 CLXXXVIII
985 418 1010 471 2.
1219 418 1282 481 645

149 616 302 692 lohannes,
334 614 487 678 Leontius
520 616 553 677 et
585 612 767 677 Mauritius.
819 612 895 676 haee
928 614 1035 675 nostra
1068 616 1118 675 ost
1148 606 1327 675 marimad

149 722 363 787 sollicitudinis
392 740 499 798 eausa,
526 740 565 785 ne
593 721 710 798 unitas,
745 738 841 802 quam
871 722 976 785 uester
1003 718 1093 784 labor
1120 720 1283 800 oratioque

149 830 278 912 perfecit,
309 848 366 912 per
394 828 554 912 inquietos
583 828 729 893 homines
758 827 941 909 dissipetur,
972 829 1133 909 sperantes
1157 826 1189 891 in
1214 826 1283 902 deo,

149 937 223 1018 qnia,
247 936 374 1018 siquid
399 935 557 1019 estquod
585 934 689 999 adhue
713 954 732 999 a
754 934 856 998 totius
885 933 969 998 orbis
997 951 1074 1015 paee
1103 931 1280 1009 dissentiat,

124 1043 201 1107 stoc
232 1063 354 1126 qnoque
391 1042 589 1107 orationibus
616 1042 733 1105 uestris
763 1040 956 1123 apostolieae
985 1039 1070 1104 sedis
1103 1038 1284 1105 comunioni

147 1150 284 1217 societur.
329 1153 569 1232 praesumentes
598 1150 704 1212 autem
737 1148 777 1212 de
805 1147 1012 1213 beatitudinis
1041 1149 1167 1211 uestrae
1194 1146 1281 1210 beni·
1306 1142 1325 1203 5

148 1258 276 1321 nolentia
311 1261 475 1340 paternam
515 1256 717 1322 dilectionem
759 1254 890 1319 nimium
932 1254 1082 1337 petimus
1126 1256 1281 1336 quatenus

147 1364 276 1446 reliquiis
291 1365 474 1428 sanctorum
489 1362 706 1446 apostolorum
720 1367 785 1426 tarn
801 1380 858 1426 nos
875 1381 967 1444 quam
987 1360 1152 1425 basilicam
1172 1380 1281 1425 eorum

147 1469 193 1534 hio
222 1471 252 1534 in
283 1471 377 1537 domo
410 1473 518 1534 nostra
546 1470 605 1534 sub
635 1469 760 1533 nomine
788 1468 1023 1550 praedictorum
1051 1467 1281 1533 uenerabilium

113 1594 134 1634 a
149 1580 349 1643 constructam
376 1577 538 1642 illustrare
562 1582 593 1641 et
615 1577 795 1642 illuminare
827 1577 914 1659 large
944 1574 1128 1658 dignemini,
1166 1593 1281 1659 eogno-

149 1688 270 1761 seentes,
293 1684 378 1768 quod
402 1686 528 1749 nullum
551 1684 643 1748 nobis
672 1684 775 1747 maius
799 1702 856 1747 neo
876 1702 993 1746 munus
1013 1700 1071 1746 nee
1090 1680 1278 1745 beneficium

148 1795 291 1871 praestare
327 1791 476 1873 potestis,
509 1791 635 1856 domina
665 1790 850 1855 beatissime
882 1792 982 1871 pater,
1016 1806 1111 1870 quam
1144 1788 1171 1851 si
1199 1788 1279 1851 hano

148 1901 274 1962 nostram
287 1898 473 1982 petitionem
490 1897 752 1979 adimpleueritis.
794 1896 900 1961 subito
917 1900 1022 1960 autem
1035 1896 1096 1959 iter
1111 1894 1277 1977 arripiente
1303 1889 1321 1952 6

147 2004 292 2084 praedicto
326 2009 441 2089 agente
472 2005 505 2068 in
536 2006 631 2069 rebus
666 2004 761 2068 etiam
795 2002 856 2068 duo
881 2003 996 2085 pallios
1021 2002 1214 2067 holoserioos
1239 2001 1277 2065 ad

112 2115 351 2175 sternumentum
384 2112 492 2176 altaris
526 2114 707 2175 sanctorum
736 2111 953 2193 apostolorum
983 2108 1163 2185 direximus,
1197 2126 1276 2191 quos

146 2217 340 2300 suscipientes
369 2218 599 2283 efficacissimis
615 2217 762 2300 precibus
777 2218 894 2281 uestris
914 2216 1015 2280 nostri
1034 2216 1140 2279 iubete
1160 2214 1278 2300 iugiter

146 2324 313 2389 memoriam
337 2326 450 2389 lacere.

647 2412 755 2498 (ras.)

373 2557 448 2602 Ion!
469 2557 628 2602 mmo!
651 2557 821 2604 nrlsrotrtn
846 2557 1032 2603 IUSTINIANI.

112 2679 133 2719 ro
185 2659 223 2724 Ut
247 2662 433 2745 plenissima
459 2663 533 2726 fidei
560 2663 713 2744 perfectio
743 2663 887 2729 doctrina
914 2661 1120 2727 beatitudinis
1148 2663 1273 2725 uestrae

146 2766 222 2832 uobis
249 2767 426 2850 proueniat,
453 2769 569 2832 iterum
597 2769 771 2852 Eulogium
800 2769 904 2832 uirum
934 2771 1098 2832 strenuum
1127 2769 1274 2852 agentem

146 2870 170 2934 iu
194 2875 279 2939 rebus
307 2876 396 2940 iuxta
419 2875 496 2938 alias
526 2893 638 2939 causas
668 2874 765 2939 etiam
793 2875 981 2958 haepropter
1008 2873 1189 2952 direximus,
1218 2893 1274 2957 per

146 2997 224 3058 quem
245 2983 335 3047 ualde
359 2981 510 3064 petimus,
534 2985 571 3045 ut
588 3000 645 3063 per
663 2980 769 3046 omnia
787 3000 937 3062 responso
955 2981 1153 3063 apostolatus
1173 2980 1272 3044 uestri

146 3085 390 3171 circuminspecto
425 3092 457 3153 et
485 3087 672 3153 cautissimo
703 3087 736 3152 in
770 3087 966 3152 confessione
997 3088 1170 3152 oatholloae
1198 3086 1271 3151 fidei

109 3193 336 3262 aronlinnetur.
380 3199 455 3278 post
487 3195 585 3260 semel
617 3195 702 3259 enim
735 3194 843 3259 diuina
873 3194 1091 3259 misericordia
1109 3193 1315 3260 'donatam2

144 3300 296 3366 catholicae
321 3301 476 3366 eeclesiae
494 3301 651 3366 unitatem
671 3300 799 3384 quidam
820 3307 966 3367 asserunt
985 3301 1148 3367 Christum
1167 3300 1269 3364 filiurn

172 3527 182 3579 1
204 3530 341 3584 mauricius
370 3529 406 3583 V:
429 3529 581 3583 Maxentius
605 3530 683 3590 Bar..
708 3530 743 3597 of.
772 3530 852 3584 Tlriet
874 3547 904 3598 p.
931 3533 991 3583 876
1015 3529 1080 3584 adn.
1112 3533 1143 3594 6;
1172 3527 1267 3595 Loofs,

140 3611 256 3672 leontina
275 3636 300 3673 o.
319 3619 436 3688 Byzonz
459 3624 504 3680 (=
527 3618 610 3672 Texta
631 3635 659 3673 u.
683 3617 925 3688 Unterauclronpeo
941 3661 946 3671 .
963 3664 968 3674 .
983 3635 1006 3672 o.
1030 3617 1060 3672 0.
1079 3635 1103 3671 o.
1125 3617 1268 3672 Gebhardt

139 3706 361 3762 alumnam·
377 3708 435 3762 III
450 3709 507 3776 1l2)
522 3725 552 3775 p.
573 3709 634 3760 233
717 3710 783 3776 fort.
803 3711 910 3760 nostrae
974 3707 1153 3773 3<domino>
1181 3707 1232 3760 deo
1252 3727 1269 3760 α

139 3789 267 3849 dbasilloa
290 3796 322 3858 V,
341 3811 409 3850 corr.
429 3793 457 3847 ο2
512 3797 542 3849 11
567 3813 663 3848 munus
684 3793 722 3866 p²:
741 3795 830 3848 minus
855 3796 880 3848 V
924 3796 957 3849 12
971 3811 1009 3862 sq.
1023 3794 1074 3848 hac
1092 3799 1184 3848 nostra
1199 3796 1268 3864 peti·

138 3878 202 3935 aione
220 3883 247 3948 V,
261 3901 330 3939 eor-r.
347 3903 361 3934 o
400 3885 433 3937 14
446 3883 530 3953 pallio
543 3883 701 3937 soloserioos
717 3883 747 3947 V,
758 3885 877 3938 correxi:
890 3884 974 3953 pallia
986 3885 1080 3937 seriola
1097 3883 1171 3948 Cor„
1184 3885 1268 3954 pallia

136 3965 268 4027 holoserica
286 3972 314 4044 ,οἳ
335 3973 416 4027 Tlriel
507 3975 539 4027 14
557 3990 595 4041 sq.
615 3972 650 4026 ad
673 3977 829 4027 ornamento
853 3973 883 4026 V.
907 3989 975 4027 corr.
1000 3971 1027 4042 ρ2
1049 3974 1134 4028 Βαν..·
1153 3973 1266 4027 adorna-

136 4063 214 4113 mento
231 4081 252 4127 o,
270 4063 494 4117 adornamentrmr
517 4063 581 4117 Car.
639 4065 671 4118 15
691 4079 759 4132 qnae
781 4063 844 4115 Gar.
908 4063 940 4115 16
958 4063 1044 4116 nostri
1064 4061 1102 4115 0²:
1121 4063 1220 4116 nostris
1244 4063 1270 4116 V

167 4147 224 4206 188.
275 4152 346 4206 Dat.
366 4152 462 4218 (simul
480 4167 540 4204 cum
558 4168 598 4219 ep.
617 4155 691 4217 224)
711 4169 738 4204 a.
761 4153 815 4203 519
834 4151 877 4204 clia
895 4154 930 4204 15
952 4150 1018 4214 Oet,
1033 4167 1085 4218 ,per
1103 4151 1266 4220 Eulopium3

138 4245 234 4304 accepta
251 4241 294 4295 die
311 4242 350 4293 17
367 4240 443 4294 Nou.
497 4240 572 4294 an.
595 4241 659 4294 Car.
678 4239 709 4293 1²
732 4243 805 4306 5265
827 4239 934 4294 Collect.
958 4239 1075 4306 Concil.;
1098 4238 1178 4312 Thiet
1197 4243 1263 4298 897.

138 4321 166 4375 22
180 4325 243 4382 hane
259 4333 370 4400 propter
389 4346 403 4398 p
458 4329 494 4382 24
512 4329 705 4399 circumspecto
726 4347 739 4377 o
