3025 4975
193 472 258 537 498
366 470 511 523 Hornrisda
529 468 681 533 Dorotheo;
701 468 862 523 Anastasius
880 468 1019 538 Augustus
1038 468 1197 522 Hormisdae

195 666 284 749 scopi
316 663 609 729 Thessalonicensis
644 663 799 728 ecclesiae
831 663 930 727 missa
962 682 1018 746 per
1049 663 1224 728 Patricium
1253 683 1284 728 u.
1313 681 1340 727 s.

193 773 254 837 sub
279 771 328 837 die
352 770 390 835 V.
415 770 587 853 Kal-Apa
611 770 777 840 Florentio,
795 790 826 834 9.
852 788 878 835 9.
904 789 991 834 9999.

710 895 820 979 (loo.)

238 1040 454 1086 uincorrssruo
473 1040 587 1085 aarum
606 1038 770 1085 uoaoauso
789 1038 956 1084 99199999.
1007 1019 1071 1085 Ubi
1089 1019 1231 1083 caritatis
1249 1019 1344 1083 inter-

88 1163 89 1166 *
194 1132 246 1193 est
265 1148 391 1193 seruare
410 1130 589 1211 praecepta,
610 1126 736 1191 etiamsi
756 1126 876 1208 aliquid
895 1127 959 1190 tale
979 1126 1115 1203 eueniat,
1135 1125 1220 1207 quod
1238 1126 1345 1190 cuius·
1372 1139 1385 1179 ⁵

192 1236 274 1300 libet
305 1234 409 1318 possit
442 1234 563 1299 animos
598 1252 815 1307 commouere,
848 1235 970 1311 tamen,
1003 1236 1040 1297 ut
1067 1252 1117 1310 99,
1148 1252 1227 1315 quae
1254 1233 1342 1306 (de)

192 1341 378 1407 concordiae
397 1341 636 1407 conseruatione
650 1340 877 1422 praediximus,
893 1340 1030 1405 debeant
1044 1340 1207 1416 custodiri,
1218 1344 1344 1423 oportet

192 1448 422 1531 aequanimiter
444 1448 666 1529 praetermitti,
687 1447 763 1529 quia
786 1447 910 1529 utique,
935 1447 963 1512 si
987 1447 1063 1529 quid
1085 1447 1262 1530 ignorantia
1279 1447 1343 1511 tale

191 1554 370 1637 proueniat,
400 1554 635 1618 excusationem
663 1557 772 1635 potest
799 1553 838 1617 de
866 1554 937 1636 ipsa
965 1553 1170 1635 simplicitate
1193 1553 1342 1635 recipere.

192 1681 285 1726 suam
310 1660 388 1724 deus
412 1664 520 1724 noster
543 1660 710 1724 ecclesiam
739 1660 866 1743 propria
889 1660 1084 1724 ordinatione
1108 1660 1276 1724 constituit
1299 1662 1342 1736 et,
1364 1679 1391 1721 ro

194 1768 279 1849 quod
307 1766 424 1831 diuinis
452 1767 630 1849 praeceptis
659 1767 803 1831 noscitm·
830 1786 900 1831 esse
929 1766 1132 1848 dispositum,
1159 1768 1343 1832 nullatenus

148 1868 311 1957 2pote1it
346 1875 520 1957 praeteriri.
590 1875 681 1939 cuius
719 1874 865 1939 notitiam
907 1873 961 1937 uel
1003 1874 1167 1938 scientiam
1208 1878 1240 1938 te
1281 1894 1343 1939 non

194 1982 330 2065 cognoui
355 1983 516 2067 ignorare:
540 1980 570 2045 in
595 1980 739 2045 faciendo
764 1999 900 2062 namque
922 1982 1006 2046 bona
1026 1982 1197 2045 laudantur
1215 1985 1342 2046 911999

193 2089 362 2153 uerborum
391 2088 499 2151 cultus
529 2090 667 2162 ornatur,
692 2085 816 2167 quando
845 2084 908 2149 sibi
936 2086 1155 2151 conuenientia
1181 2087 1241 2151 rite
1270 2106 1341 2151 con·

192 2195 307 2278 iungit.
332 2194 455 2258 litteras
481 2192 639 2275 siquidem
664 2211 720 2274 per
742 2191 917 2256 Patricium
935 2192 1036 2257 filium
1056 2196 1201 2258 nostrum
1221 2197 1343 2275 specta·
1363 2211 1389 2251 ¹⁶

192 2300 288 2365 bilem
313 2299 419 2364 uirum
433 2302 506 2363 1999
521 2299 720 2381 suscepimus
737 2298 889 2376 caritatis,
904 2300 935 2362 in
951 2299 1067 2380 quibus
1082 2301 1341 2381 spera<ba>mus

196 2426 275 2491 opus
303 2407 432 2490 plenum
463 2408 495 2469 et
522 2405 685 2489 probabile
718 2405 864 2489 reperire,
892 2408 930 2469 ut
957 2406 1037 2469 nihil
1065 2409 1160 2483 99991,
1190 2406 1274 2489 quod
1301 2406 1341 2471 ab

146 2509 376 2598 3integritate
409 2513 541 2577 unitatis
576 2517 762 2578 secerneret.
804 2514 860 2578 sed
894 2513 967 2596 quia
998 2513 1030 2577 in
1062 2514 1113 2578 his
1144 2514 1224 2596 ipsis
1256 2513 1340 2578 hrrnc

193 2619 353 2702 promittis
388 2620 550 2696 affectum,
585 2620 639 2702 qui
672 2638 729 2684 nos
760 2620 852 2691 <ad>
883 2620 944 2684 hoc
970 2619 1100 2701 (quod)
1127 2619 1341 2703 praediximus

190 2727 298 2810 possit
322 2727 502 2808 specialiter
524 2745 707 2809 prouocare,
729 2726 855 2792 domino
880 2730 987 2791 nostro
1010 2746 1119 2809 preces
1139 2727 1342 2804 effundimus,
1359 2745 1387 2784 ao

190 2837 230 2897 91
263 2833 342 2915 ipse,
377 2833 469 2896 cuius
504 2839 535 2897 et
568 2851 665 2897 causa
696 2836 860 2911 tractatur,
894 2833 1045 2897 abstersis
1078 2834 1131 2897 uel
1167 2835 1341 2917 amputatis

192 2939 352 3004 uniuersis
377 2939 535 3004 scandalis
560 2959 595 3004 ex
620 2941 754 3005 ecclesia
779 2959 837 3004 sua
861 2941 920 3005 sub
941 2959 1003 3004 uno
1024 2959 1179 3004 consensu
1199 2945 1230 3004 91
1248 2940 1342 3023 parili

194 3047 292 3110 199191
314 3046 375 3111 lide
400 3066 533 3112 conexos
557 3066 614 3111 nec
638 3046 669 3110 in
695 3046 913 3111 sacerdotibus
938 3047 1005 3110 suis
1026 3047 1196 3129 quicquam
1213 3046 1342 3129 reperiri

194 3153 343 3234 patiatur,
369 3154 452 3235 quod
476 3153 649 3218 cuiuslibet
674 3156 729 3218 aut
748 3153 830 3218 odiis
849 3154 984 3236 propriis
1004 3157 1060 3217 aut
1077 3153 1224 3218 inanibus
1241 3155 1342 3217 inten-

193 3259 335 3324 tionibus
361 3265 416 3324 aut
439 3260 622 3326 hominibus
645 3262 677 3324 in
701 3260 848 3325 iniuriam
873 3260 934 3337 dei,
955 3261 1039 3344 quod
1063 3261 1149 3325 nefas
1174 3264 1233 3336 est,
1257 3261 1342 3324 uelle
1359 3280 1385 3320 es

229 3397 498 3468 adieldmcll'
566 3399 706 3468 urapr

229 3488 297 3542 loo.
362 3489 431 3542 Dat.
452 3489 548 3552 (919991
567 3505 627 3542 mom
645 3505 685 3556 ep.
706 3491 776 3555 108)
797 3505 823 3541 a.
847 3491 899 3541 515
918 3488 962 3542 die
983 3488 1087 3557 4Apr.
1102 3505 1155 3557 per
1173 3487 1342 3554 Patricium

190 3577 337 3644 respondet
354 3575 488 3644 epistulae
507 3581 571 3632 105.
626 3577 701 3631 Edu.
724 3579 788 3632 Car.
808 3576 839 3631 1²
859 3581 933 3642 140;
954 3577 1065 3630 0911991.
1086 3577 1306 3643 099911.;ΒΤΑ
1324 3578 1346 3630 Ι

195 3669 270 3732 370;
292 3665 370 3718 eriel
391 3668 457 3718 746.
528 3668 629 3734 59999
653 3664 685 3726 V,
705 3681 774 3718 corr.
795 3685 808 3716 9
872 3667 888 3720 6
908 3664 942 3718 de
959 3664 1076 3718 inseruit
1095 3663 1122 3734 ρ2
1143 3741 1177 3746 ἡ
1194 3665 1210 3717 7
1230 3681 1341 3718 conuer-

194 3756 299 3808 satione
324 3753 355 3814 l',
376 3769 443 3808 corr.
460 3751 486 3822 p²
549 3755 565 3808 8
585 3755 706 3822 ptarmiti
726 3753 752 3806 V
810 3755 843 3807 lo
861 3758 954 3806 noster
972 3753 1131 3821 compendio
1150 3757 1182 3806 nt
1199 3753 1296 3824 pinxit
1319 3753 1345 3805 V

195 3846 222 3896 et
242 3843 280 3912 pi:
300 3845 331 3894 91
350 3841 376 3894 V
447 3843 479 3895 12
508 3843 623 3911 coguoui
641 3842 752 3912 scripsi:
772 3843 901 3911 cognouit
924 3843 955 3902 V,
974 3841 1102 3896 conuenit
1122 3840 1149 3912 ρ2
1222 3841 1342 3896 13199-

195 3931 289 3985 damur
307 3931 383 3984 Edit.
403 3947 455 4000 rep.
554 3931 585 3984 14
612 3933 677 3998 sort.
703 3932 893 3984 conuenientia
914 3929 1015 3984 <factal
1109 3935 1140 3986 16
1169 3931 1343 4001 sperabamus

199 4019 302 4073 Cobet:
323 4035 461 4088 speramus
485 4019 511 4072 V
546 4020 578 4073 18
592 4021 661 4086 fort.
677 4020 836 4088 integritate
849 4019 909 4073 (te)
959 4022 990 4074 111
1010 4020 1045 4075 ad
1063 4027 1089 4075 et
1107 4021 1181 4090 quod
1197 4021 1342 4076 imeruito

196 4108 227 4162 21
250 4118 330 4161 causa
352 4107 384 4170 V,
405 4123 507 4161 corruo
553 4107 795 4178 2291929911
837 4109 871 4163 23
890 4109 1019 4178 repperiri
1044 4109 1070 4163 V
1111 4110 1146 4164 24
1164 4127 1203 4179 sq.
1223 4110 1343 4180 patiatur

197 4213 250 4266 quo
267 4239 272 4249 .
289 4237 295 4250 .
311 4196 510 4250 intentionibus
530 4197 684 4250 hominibus
700 4240 706 4251 .
721 4238 727 4251 .
743 4198 830 4250 uelint
851 4198 958 4268 placere
975 4241 980 4251 .
995 4241 1000 4252 .
1016 4203 1219 4252 contemnentes
1236 4241 1241 4251 .
1257 4239 1264 4251 .
1279 4216 1343 4268 pos-

196 4287 251 4338 sint
268 4285 362 4352 Terea·
378 4291 407 4338 at
424 4286 494 4352 ferri
503 4291 621 4354 possunt
634 4286 741 4340 trudito
755 4288 884 4356 qaaarrrais
896 4287 966 4340 99119
980 4293 1106 4341 contorto
1143 4289 1178 4341 25
1192 4287 1291 4340 iniuria
1311 4286 1343 4353 V,

197 4390 266 4428 corr.
287 4392 300 4423 o
373 4373 436 4427 nasa
460 4373 491 4438 V,
513 4389 581 4430 corr.
602 4392 615 4424 o
