3025 4975
554 453 640 523 Epist.
660 452 731 507 CXV
750 454 829 507 2—7.
1198 458 1260 521 511

143 651 210 723 sunt,
240 666 296 712 non
333 652 486 714 tenentes.
520 666 592 711 nam
626 652 658 713 et
690 648 802 713 feriato
840 667 893 713 ore
926 647 1125 731 splendorem
1161 650 1262 714 bonae

142 755 292 819 uoluntatis
335 755 488 831 enuntiat,
532 754 586 836 qui
627 774 683 838 per
723 755 932 837 apostolicam
973 754 1262 837 inmaculatamque

143 862 217 927 tidem
246 866 275 927 et
304 881 362 944 per
395 864 611 943 competentes
652 840 886 943 praedicatores
924 865 981 927 aut
1017 861 1194 925 confirmari
1227 880 1261 926 se

143 972 213 1051 optat
241 972 294 1035 eut
321 968 445 1053 corrigi.
501 972 718 1033 uerumtamen
747 969 824 1034 licet
851 970 883 1033 in
912 969 962 1033 hia
989 968 1114 1033 nullum
1142 968 1262 1032 saeculi
1286 967 1307 1029 4

117 1076 332 1156 apneoedentis
357 1076 489 1141 exsistat
512 1075 690 1159 exemplum
719 1094 822 1157 neque
855 1076 987 1141 senioris
1020 1074 1095 1139 fecti
1124 1074 1262 1157 qualitas

142 1185 186 1245 aut
209 1183 371 1247 commissa
397 1182 488 1247 libris
512 1184 568 1246 aut
596 1182 756 1247 memoriis
785 1182 905 1247 inserta
931 1186 1085 1259 teneatur,
1115 1182 1194 1246 nihil
1222 1181 1262 1245 ad

141 1307 195 1365 nos,
224 1289 333 1371 quibus
367 1289 458 1353 dulce
487 1292 536 1353 est
566 1287 717 1353 beneficio
747 1288 798 1352 dei
825 1288 944 1371 pietate
972 1293 1080 1353 uestra
1106 1288 1261 1353 inuitante

140 1394 262 1460 inchoare
288 1397 419 1460 meliora
449 1398 480 1459 et
509 1395 578 1469 hoc,
608 1395 694 1477 quod
721 1414 784 1459 non
814 1396 997 1477 accepimus
1025 1395 1261 1477 aparentibus,

139 1504 192 1565 tam
213 1502 280 1566 clari
305 1502 409 1585 operis
432 1502 619 1565 institutum
642 1500 733 1567 nobis
758 1502 838 1584 ipsis
862 1502 1041 1585 imponere:
1064 1502 1139 1584 qnia
1156 1505 1260 1565 totum
1286 1500 1306 1563 5

106 1624 125 1661 o
139 1592 183 1689 pro
204 1610 459 1695 redintegratione
483 1608 557 1673 tidei
583 1612 665 1680 <et>
683 1610 891 1673 ecclesiarum
910 1628 987 1691 paee
1006 1610 1109 1673 facere
1129 1608 1263 1673 libenter

138 1716 345 1797 amplectimur,
362 1716 389 1781 si
403 1720 510 1780 tamen
521 1715 676 1781 maiorum
689 1719 870 1780 nostrorum
881 1715 1022 1781 definitio
1038 1719 1070 1780 et
1081 1719 1261 1779 sanctorum

137 1824 242 1901 patrum
263 1824 293 1886 in
319 1823 386 1889 suis
416 1822 574 1887 radicibus
598 1822 790 1887 inconcussa
813 1825 1005 1903 permaneat,
1030 1823 1058 1885 si
1082 1822 1262 1886 anathema·

135 1927 234 1992 tiretur
253 1930 420 1995 Nestorius
446 1948 518 1993 cnm
542 1929 751 2011 participibus
777 1928 855 1996 suis.
880 1930 935 2010 qui
959 1948 1118 1993 euacuans
1137 1928 1262 1992 diuinae

136 2040 310 2101 sacramenta
341 2039 471 2101 naturae
504 2036 629 2101 beatem
663 2035 797 2099 Mariam
830 2035 988 2119 uirginem
1020 2034 1096 2098 nudi
1124 2034 1260 2098 hominis

104 2154 122 2193 1⁵
135 2140 264 2205 mentitur
305 2160 374 2207 esse
413 2142 606 2227 genetricem
643 2142 763 2207 oblitus
800 2142 961 2225 angelicae
1002 2140 1260 2211 annuntiationis,

32 2336 33 2339 Ἴ
135 2264 180 2326 per
200 2266 285 2329 quam
308 2248 427 2313 mundo
450 2248 599 2326 innotuit,
620 2248 694 2331 quia
718 2247 802 2330 quod
822 2266 858 2311 er
879 2266 915 2312 ea
933 2250 1127 2323 nasceretur,
1146 2265 1261 2311 uocan-

32 2340 33 2377 ³
136 2351 197 2416 dum
218 2358 298 2419 esset
321 2358 477 2432 sanctum,
502 2355 587 2419 filius
612 2355 672 2420 dei.
719 2356 857 2419 facessat
875 2354 1045 2436 impiorum
1063 2358 1130 2417 tam
1149 2356 1258 2418 contn·
1283 2352 1302 2417 6

135 2460 247 2526 meliora
263 2462 293 2526 in
315 2460 373 2526 deo
394 2460 640 2538 honorificentie,
662 2462 811 2544 quoniam
831 2461 877 2526 sic
896 2461 994 2526 estin
1013 2464 1104 2526 utero
1122 2460 1257 2546 uirginis

135 2571 241 2646 operata
255 2569 414 2644 diuinitas,
431 2571 468 2632 ut
483 2589 518 2632 er
533 2569 674 2633 esurite
689 2568 750 2633 sibi
762 2567 948 2651 procederet
961 2568 1063 2632 carnis
1074 2567 1258 2650 animaeque

101 2669 266 2739 chananae
276 2676 446 2740 indiscreta
457 2674 584 2756 quidem
600 2675 654 2740 sed
671 2693 731 2740 non
747 2677 879 2740 confusa
890 2675 1057 2738 conexione
1068 2673 1257 2750 substantia,

134 2779 218 2843 etsie
239 2781 267 2846 in
292 2782 437 2864 utrisque
461 2782 582 2846 naturis
607 2801 661 2864 pro
686 2785 812 2846 nostrae
836 2781 1065 2864 redemptionis
1089 2780 1257 2844 dilectione

134 2879 232 2951 Christi
256 2889 330 2954 lesu
361 2888 462 2953 nostri
487 2907 620 2971 persone
649 2909 711 2953 una
744 2894 795 2952 est
827 2888 1012 2953 aedificante
1035 2887 1186 2970 mysterio
1210 2921 1257 2952 η

131 2992 309 3060 restitutione
337 2999 471 3059 mortem
496 2995 602 3058 subire
632 2995 795 3076 potuisset
822 3032 836 3061 e
851 3033 865 3062 e
893 2999 1023 3059 naturae
1051 2993 1258 3078 fragilitatem

131 3097 256 3164 caelestis
278 3101 403 3184 imperii
433 3101 572 3166 ualuen't
595 3101 715 3166 uirtute
739 3120 884 3184 reperere
907 3101 962 3164 uel
985 3101 1029 3164 ita
1051 3117 1106 3183 pro
1134 3099 1256 3163 unitate

97 3213 258 3281 ¹⁵personae
281 3213 314 3272 et
346 3208 492 3274 dominus
528 3209 704 3274 maiestatis
737 3208 905 3272 crucifixus
939 3214 971 3271 et
1004 3207 1090 3271 filius
1119 3205 1256 3270 hominis

130 3309 254 3378 credatur
276 3314 477 3380 descendisse
501 3315 539 3380 de
564 3317 660 3382 caela.
729 3315 918 3398 Eutychetis
939 3332 1065 3396 qnoque
1088 3313 1180 3396 ignor
1211 3351 1253 3380 s.
1279 3313 1298 3379 7

129 3411 259 3484 bonorum
288 3422 430 3486 omnium
455 3425 487 3487 et
509 3422 580 3504 ipso
605 3441 677 3486 cum
702 3421 799 3488 sociis
828 3420 1013 3485 detestande
1036 3419 1100 3484 iam
1129 3419 1256 3484 nomine

203 3662 231 3717 16
248 3665 311 3718 leuc.
334 3666 358 3732 1,
377 3665 412 3719 35

157 3817 236 3875 lnon
256 3827 380 3878 tenentes
405 3824 440 3878 V:
464 3826 633 3880 continentes
657 3823 692 3888 0²,
717 3843 772 3878 non
796 3825 966 3878 continentes
992 3823 1067 3886 Con,
1091 3839 1144 3876 non
1169 3820 1256 3874 conti-

127 3904 221 3962 tinentia
233 3911 335 3967 Biniue
371 3915 448 3968 ‘lest
468 3912 506 3985 p²2
527 3918 553 3968 et
573 3915 598 3967 V
632 3915 861 3984 Sapparentibns
883 3913 915 3979 V,
934 3929 1002 3966 corr.
1024 3913 1051 3964 ο2
1090 3911 1122 3964 10
1142 3914 1169 3962 et
1190 3908 1255 3962 odd.

128 3991 183 4050 Bor.
216 4001 245 4054 13
259 3991 422 4072 suislTs‘sV
459 4005 491 4057 19
506 4004 596 4056 unitas
611 4003 649 4056 ibi
670 4003 701 4064 V,
717 4019 787 4056 corr.
805 4003 884 4056 Trici
937 4001 973 4055 20
986 4000 1133 4053 indiscreta
1148 3997 1254 4058 Cenat:

127 4079 263 4142 innectar
296 4091 331 4144 22
346 4091 477 4156 (donnini)
490 4092 577 4145 nostri
590 4091 655 4145 Cor.
692 4093 727 4145 22
737 4092 861 4159 opipera
869 4091 997 4160 mysterio
1008 4089 1139 4142 lacunam
1149 4091 1189 4140 24
1195 4087 1257 4154 sere

128 4167 265 4242 litterarum,
279 4185 347 4248 poet
365 4181 499 4250 potuisset
516 4181 574 4248 fere
592 4185 626 4232 14
647 4181 802 4234 litterarum
819 4181 930 4248 relicuit
953 4179 979 4231 V
1011 4179 1046 4231 26
1064 4179 1144 4246 temer
1161 4177 1256 4230 relicto

37 4281 38 4335 j
128 4263 202 4324 lPotio
219 4269 236 4318 8
252 4267 308 4334 fere
333 4267 414 4324 litter.
440 4267 477 4324 V:
499 4269 654 4340 ignorantia
672 4288 696 4334 o,
720 4269 876 4338 ignorantia
899 4267 1049 4321 diuinorum
1073 4267 1153 4330 Bor„
1178 4265 1256 4335 igno·

128 4349 200 4402 raetia
216 4369 303 4424 expers
328 4356 419 4412 coner.

149 4471 278 4527 rexnam
292 4480 312 4518 a
1147 4459 1182 4512 33
