3025 4975
536 465 622 533 Epist.
643 462 815 518 ccxxxvss
832 465 912 518 4-6.
1223 469 1285 534 727

145 661 309 740 γυμνασίας
331 679 373 728 τις
397 655 536 728 ἀίιούται.
569 657 614 719 διό
643 655 692 720 ἰ’να
724 657 765 742 μή
798 656 1032 742 ἐκκακώμεν
1064 661 1104 723 τό
1136 657 1333 740 ἀγαθόν4

146 771 371 845 ποιοῦντες,
401 761 502 834 ὶδικῶς
533 757 836 847 ύπομιμνησκόμεθα·
859 767 911 826 καί
933 762 990 847 γάρ
1015 759 1221 847 μακάριοι,
1246 765 1288 836 ως

147 863 1288 952 μαρτυρεῐύψαλμιρδός,οίφυλάσσοντεςκρῖσινκαίποιούντες

145 973 401 1056 δικαιοσύνην
425 969 461 1032 ἐν
485 974 597 1034 παντί
618 981 754 1056 καίρῖρ,
778 969 822 1036 ότι
845 969 939 1059 ούχη
963 972 1046 1060 ἀρχὴ
1070 984 1122 1037 που
1144 976 1284 1058 καμάτου

119 1077 193 1160 οτην
217 1073 387 1160 ἀντάμειψιν
411 1085 462 1139 τού
487 1074 624 1139 ἐπάθλου
647 1073 753 1140 εἴωθεν
778 1073 921 1161 εὑρίσκειν
944 1076 1026 1142 ἀλλά
1046 1082 1081 1142 τό
1104 1079 1201 1150 τέλος.
1229 1099 1288 1140 τοι-

144 1190 251 1265 γαροῦν
271 1177 341 1264 ἴσην
365 1180 497 1264 σπουδὴν
521 1189 575 1265 της
599 1184 744 1266 μερίμνης
767 1179 1000 1267 ἀναλαβόμενοι,
1028 1181 1074 1256 οίς
1097 1181 1159 1246 ἐστι
1182 1187 1235 1267 μία
1258 1181 1288 1245 ὲν

146 1297 180 1372 τη
201 1289 415 1367 κοινωνίακαὶ
437 1296 475 1372 τη
496 1289 589 1348 πίστει
610 1281 629 1370 η
655 1283 777 1371 ἑταιρία,
801 1287 833 1350 όν
849 1292 957 1371 τρόπον
973 1291 1040 1372 περὶ
1053 1297 1109 1373 της
1127 1285 1289 1372 ἑνωθείσης

146 1403 183 1474 τῖρ
213 1391 404 1473 ἀποστολικίμ
425 1392 527 1474 θρόνῳ
554 1385 605 1474 της
629 1387 974 1462 Κωνσταντινουπόλεως
997 1392 1161 1478 ἐκκλησίας
1185 1389 1290 1476 ἐπίσης

148 1497 336 1582 ἀγαλλιῶμεν
369 1492 398 1556 ἐν
429 1500 533 1579 κυρίῳ,
561 1491 638 1558 ούτω
668 1499 718 1560 καὶ
753 1498 821 1580 περί
856 1491 908 1580 της
941 1509 1000 1561 τῶν
1036 1497 1149 1561 λοιπῶν
1182 1499 1291 1568 καθώς

112 1623 132 1662 ιο
149 1601 325 1672 ἐνδιαθὲτως
355 1613 518 1684 παραινεῖς,
548 1599 825 1674 ἀποκαταστάσεως
852 1607 1056 1688 φροντίσωμεν
1083 1613 1212 1686 πρῶτον,
1241 1599 1291 1664 ἵνα

149 1708 196 1790 την
219 1709 312 1769 πίστιν
335 1707 387 1768 καί
408 1705 460 1788 τήν
483 1707 652 1790 τελειότητα
671 1701 754 1791 ημῶν
771 1705 898 1771 ἄσπιλον
917 1704 976 1770 ἀπὸ
992 1710 1103 1778 παντός
1119 1710 1291 1791 μιάσματος

148 1809 334 1894 φυλάξωμεν.
358 1813 489 1894 καὶγὰρ
514 1809 615 1892 οἶσθα,
633 1809 745 1897 ἀδελφὲ
768 1815 933 1897 τιμιώτατε,
949 1824 1029 1875 ποῖοι
1050 1813 1102 1896 την
1127 1809 1289 1893 ὲκκλησια-
1314 1812 1332 1872 5

147 1916 244 1999 στικην
268 1911 463 2000 φυλάττουσιν
487 1911 627 1998 ὁμόνοιαν
651 1915 822 1998 σύνδεσμοι,
852 1921 916 1978 τίνα
938 1912 1021 2001 ἡμᾶς
1044 1913 1104 1978 ἀπό
1126 1923 1185 1976 τῶν
1209 1911 1290 1996 αἱρε-

147 2029 232 2082 τικιῖν
264 2016 509 2106 διαφυλάττουσιν
540 2017 706 2102 ἐπιβουλῶν
735 2022 788 2083 καὶ
817 2021 867 2082 διὰ
895 2024 988 2084 ποίων
1018 2015 1037 2104 ἡ
1067 2029 1124 2081 τῶν·
1157 2022 1291 2080 κανόνων

112 2147 133 2184 ιτ
150 2123 324 2209 φυλάττεται
361 2117 513 2185 αύθεντία.
551 2125 662 2186 τούτων
701 2121 731 2186 ὲν
766 2133 803 2208 τη
832 2123 894 2207 ἰδίφ
921 2123 1004 2209 ἰσχύι
1033 2121 1117 2207 πάση
1148 2132 1289 2206 προσοχῇ

147 2228 373 2311 φυλαττομένων
399 2224 480 2297 ἴασις
503 2239 565 2298 τοῖς
587 2225 736 2298 ἐλπίζουσι
757 2231 1044 2314 προσενεχθήσεται·
1069 2225 1133 2313 ἔχει
1154 2229 1212 2309 γάρ
1234 2235 1291 2288 τῶν

148 2331 400 2416 ἑκκληοιαστικών
431 2334 565 2396 κανόνων
596 2328 615 2418 ἡ
647 2330 727 2405 τάξις
756 2337 809 2397 καί
839 2329 932 2418 αύτης
961 2328 1015 2417 της
1046 2333 1236 2414 δικαιοσύνης
1275 2328 1291 2392 ό

144 2437 247 2519 τύπος,
277 2431 360 2508 ὅπως
389 2432 514 2517 εὔλογος
543 2435 692 2521 θεραπεία
719 2450 781 2510 τοῖς
803 2438 985 2511 κοιλοθελώς
1007 2440 1058 2502 καὶ
1081 2447 1187 2509 πιττως
1211 2432 1312 2498 ἐλαί--

144 2543 226 2611 ζουσι
255 2541 295 2625 μὴ
326 2538 485 2625 ἀρνηθείη,
517 2536 585 2605 οὐδὲ
616 2538 658 2615 τίς
689 2542 761 2605 ἐστιν
784 2539 879 2614 ούτως
903 2540 961 2606 ἀπό
984 2536 1039 2626 της
1062 2538 1291 2629 φιλανθρωπίας

109 2672 132 2713 το
147 2646 339 2731 διηρημὲνος,
368 2643 401 2707 δν
427 2642 497 2731 ούχί
528 2642 587 2709 ἀπύ
618 2642 671 2731 της
696 2647 902 2732 σκληρότητος
924 2655 977 2709 τού
1001 2647 1111 2732 δεσμου
1135 2642 1293 2728 ἐπικάμψει

147 2745 164 2834 ἡ
193 2748 383 2831 ἀπάνουργος
411 2747 555 2836 ἀπλότης.
580 2750 651 2815 ἀλλ’
669 2748 720 2814 ἵνα
742 2749 893 2839 ἀσφαλῶς
915 2761 1001 2814 τούτο
1024 2753 1077 2814 καί
1098 2752 1193 2836 χωρὶς
1218 2753 1292 2834 μίμ-
1317 2741 1336 2802 6

149 2858 227 2937 ύεως
249 2851 270 2939 ἤ
292 2878 370 2928 τινος
385 2856 538 2941 νεφώδους
554 2852 669 2939 πλάνης
684 2854 818 2941 ὶσχύσειε
833 2856 1003 2939 προελθεῖν,
1019 2852 1154 2939 ἀγαπητὲ
1169 2851 1292 2939 ἀδελφὲ,

148 2962 179 3023 τό
203 2960 275 3045 ἐμύν
299 2964 460 3044 πρόσωπόν
483 2982 517 3023 σε
541 2960 571 3023 ἐν
594 2963 688 3044 τούτῳ
711 2961 773 3047 χρη
797 2956 936 3024 ὑπελθεῖν
964 2958 1153 3044 ἐπιστάμενον
1179 2956 1294 3029 ἐντοῖς

149 3066 298 3140 τοιαύταις
322 3060 493 3143 ύποθὲσεσι,
517 3067 626 3135 καθώς
648 3062 832 3149 προείρηται,
854 3061 884 3126 τί
912 3068 1049 3149 ποιητέον
1074 3059 1183 3149 εἴητί
1204 3062 1295 3149 φυλα-

110 3200 132 3239 ιι
148 3174 241 3243 κτὲον,
279 3165 358 3233 οὕτω
396 3172 512 3232 πάντων
549 3170 769 3253 προνοούμενον
797 3166 839 3239 ώς
871 3169 912 3253 μή
944 3162 1175 3253 ἀμφιβάλλοντα
1204 3168 1293 3245 λόγον

148 3274 259 3359 ταύτης
289 3268 344 3359 της
374 3273 587 3345 διατυπώσεως
617 3284 657 3356 τῖρ
689 3276 753 3355 θεῖρ
778 3269 984 3353 ἀποδώσοντα,
1009 3267 1086 3334 ούτω
1116 3275 1223 3357 μέντοι,
1244 3268 1295 3332 ἵνα

148 3379 281 3459 τούτους,
316 3374 419 3449 οἵτινες
447 3372 513 3461 ύμῖν
543 3389 579 3462 τη·
609 3388 749 3459 κοινωνίη
786 3378 964 3463 συναφθεῖεν
992 3378 1044 3439 καὶ
1073 3374 1110 3437 δι’
1139 3369 1222 3457 ύμών
1252 3384 1294 3457 τίρ

149 3478 334 3565 ἀποστολικῖρ
364 3483 479 3565 θρόνῳ,
509 3480 546 3543 τά
570 3476 698 3565 ύμίτερα
731 3477 894 3564 γράμματα
916 3476 985 3565 ἡμῖν
1026 3479 1225 3564 δηλώσουσιν,
1249 3475 1294 3549 οἷς

148 3588 197 3647 καὶ
224 3584 263 3648 τά
291 3588 494 3671 περιεχόμενα
521 3598 582 3657 τοῖς
612 3584 775 3669 λιβὲλλοις,
804 3582 856 3655 οὓς
888 3580 924 3646 ἀν
951 3588 1181 3668 προσενέγκοιεν,
1207 3580 1296 3668 ἐμφε-

183 3778 199 3830 2
224 3776 486 3848 ύπομιμνητκώμεθα
510 3792 540 3829 eo
630 3778 646 3828 4
667 3775 716 3847 οὐχ
735 3792 796 3829 aeo:
821 3772 880 3845 ουχὶ
898 3776 935 3844 gh
1026 3773 1060 3826 10
1080 3772 1247 3844 φροντίσομεν
1267 3788 1297 3824 ευ

152 3864 182 3919 13
201 3864 374 3935 φυλάττουσιν
394 3863 516 3935 ὁμόνοιαν
536 3865 601 3933 agh:
621 3862 742 3935 ὁμόνοιαν
763 3861 919 3935 φυλάττουσι
938 3879 968 3916 eo
1034 3862 1067 3914 14
1087 3858 1298 3930 διαφυλάττουσιν

150 3955 215 4024 agh:
237 3950 410 4023 φυλάττουσιν
430 3970 461 4006 ευ
547 3954 578 4006 21
600 3953 744 4024 πάνυυργος
764 3969 781 4021 g
862 3951 897 4003 22
916 3948 1049 4021 νεφώδους
1069 3965 1110 4002 eo:
1131 3945 1226 4018 ἐφόδου
1245 3946 1298 4016 agh

150 4044 182 4097 27
201 4042 264 4115 ἡμῖν
284 4042 322 4111 gh
395 4047 530 4113 συναφεῑεν
550 4060 574 4106 ο,
596 4042 685 4111 φθτῐεν
704 4040 721 4093 h
