3025 4975
140 444 148 459 ι
189 373 254 436 524
328 426 334 435 „
518 366 662 421 Hormiada
680 366 796 420 Iohanni
814 366 1006 435 Nicopolitana

188 563 314 625 nostrae
334 560 461 621 sauctae
478 556 589 638 synodi
607 554 778 619 inuenietis
798 554 965 638 episcopos
984 557 1017 619 et
1034 556 1189 620 bonorum
1205 562 1336 622 actuum

190 668 309 732 clerum
333 683 369 728 ac
394 663 550 747 populum
578 662 806 727 confirmabitis
833 665 998 743 tamquam
1025 662 1213 729 familiarem
1241 666 1336 730 uobis

146 776 165 839 8
190 773 355 839 reddentes
368 775 508 835 sanctam
519 769 813 851 Nicopolitanorum
825 770 1003 834 ecclesiam.
1036 771 1249 835 uenerabilem
1261 793 1337 837 uero

191 880 358 945 diaconum
370 876 518 941 Rufinum
530 877 568 941 ad
579 880 645 940 tarn
660 876 872 941 necessariam
886 894 1015 940 causam
1030 876 1185 942 directum
1196 879 1338 961 pacifice,

191 987 277 1052 siout
294 1004 352 1050 uos
373 984 473 1061 decet,
493 983 596 1067 rogati
616 982 769 1063 suscipite
789 985 821 1046 et
839 981 987 1046 fiduciam
1006 982 1183 1047 tribuentes
1203 984 1338 1048 celerem
1371 1008 1386 1047 s

192 1093 261 1157 eius
283 1110 448 1156 recursum
472 1089 512 1153 nd
535 1109 592 1153 nos
610 1092 771 1171 praestare
792 1089 964 1173 dignemini
982 1092 1162 1172 portantem
1181 1090 1341 1172 spiritalia

149 1204 168 1266 9
193 1204 287 1282 atque
316 1198 492 1281 apostolica
524 1197 712 1275 constituta,
741 1201 855 1260 cuncta
884 1196 1096 1261 sanctissime.
1153 1216 1277 1261 omnem
1307 1197 1339 1261 in

194 1306 319 1371 Christo
343 1305 570 1369 fratemitatem
603 1307 728 1367 uestrae
756 1303 963 1368 beatitudinis
996 1322 1055 1387 ego
1080 1305 1113 1367 et
1135 1304 1190 1385 qui
1213 1322 1340 1368 mecum

195 1418 270 1478 sunt
291 1411 465 1495 plurimum
490 1410 666 1475 salutamus
690 1410 722 1473 in
747 1408 885 1474 domino.

717 1602 825 1686 (118.)
1363 1651 1392 1689 ,0

241 1747 397 1793 nonrrsun
424 1747 558 1793 rossum
585 1744 736 1791 srrscoro
765 1745 1007 1791 mcoronrrnno.
1031 1746 1092 1812 uss
1115 1748 1250 1793 uramur
1272 1750 1344 1793 urn-

199 1854 311 1901 oonur.
382 1832 495 1899 Gauisi
526 1852 638 1897 sumus
671 1833 703 1895 in
736 1832 864 1897 domiuo
897 1833 1000 1911 ualde,
1034 1834 1130 1898 frater
1164 1834 1344 1913 karissime,

199 1942 338 2024 acceptis
366 1940 482 2005 litteris
510 1939 587 2015 tuis,
616 1940 647 2003 in
676 1938 793 2022 quibus
822 1942 854 2003 to
877 1940 1033 2022 profiteris
1058 1941 1271 2006 sacerdotium
1294 1943 1347 2007 dai

200 2049 302 2135 gratia
329 2047 521 2130 suscepisse.
550 2045 628 2111 haec
657 2050 707 2111 cst
733 2045 813 2110 fides
837 2050 932 2125 certa,
956 2046 1034 2111 hacc
1057 2067 1130 2129 spes
1155 2048 1223 2113 siue
1248 2049 1345 2113 ambi·
1500 2117 1501 2126 ,

201 2157 321 2241 gnitate
355 2172 476 2229 secura,
510 2172 573 2234 qua
605 2152 744 2217 creditur
776 2152 878 2217 totius
911 2153 984 2218 boni
1009 2159 1114 2219 'cansa
1144 2156 1175 2219 in
1210 2174 1395 2237 supernans
1500 2231 1501 2244 2

157 2272 176 2333 2
201 2259 436 2345 dispensatione
465 2258 648 2325 consistere.
718 2258 810 2322 cuius
837 2259 883 2323 rei
907 2260 1073 2324 scientiam
1096 2261 1226 2339 habeus,
1250 2263 1348 2326 frater

202 2368 380 2443 karissime,
412 2364 645 2442 beneficiorum,
679 2384 759 2447 quae
792 2384 810 2428 a
842 2364 900 2429 deo
933 2370 1039 2431 nostro
1073 2372 1263 2433 consecutus
1301 2388 1347 2444 es,

203 2474 352 2560 religioso
377 2472 481 2538 animo
506 2472 639 2556 gratiam
664 2471 833 2550 confiteris,
855 2472 934 2537 licet
954 2472 1158 2557 hocquoque
1178 2474 1349 2540 decadem

206 2581 392 2646 clementiae
407 2580 493 2644 fonto
509 2579 682 2657 descendit,
699 2582 735 2643 ut
749 2599 784 2644 se
803 2581 925 2644 auctori
945 2600 1003 2646 suo
1021 2581 1160 2646 humana
1179 2582 1351 2647 submittat
1500 2640 1501 2671 ,

205 2688 387 2752 humilitas:
416 2686 462 2749 ait
490 2685 591 2750 enim:
620 2705 740 2769 super
768 2706 882 2770 quem
910 2687 1139 2768 requiescit
1171 2688 1399 2771 spiritusao

206 2814 316 2858 meus
339 2793 421 2858 nisi
442 2811 563 2874 super
581 2791 771 2858 humilem
793 2797 832 2856 ot
850 2793 1034 2874 quietum
1055 2799 1094 2858 et
1112 2797 1351 2859 trementem
1500 2784 1501 2791 '

162 2905 182 2968 3
208 2919 409 2966 sermones
432 2902 562 2963 meos?
581 2898 613 2963 iu
632 2899 682 2964 his
702 2918 788 2982 ergo,
806 2899 837 2962 in
858 2899 975 2981 quibus
994 2899 1179 2966 huiusmodi
1196 2901 1351 2983 probaris,

208 3007 323 3073 clarius
348 3007 508 3071 elucescet
530 3003 601 3068 aliis
620 3005 716 3068 etiam
735 3005 865 3068 uirtutis
884 3004 980 3068 huius
998 3004 1142 3068 futurum
1162 3006 1353 3087 exemplum,

209 3112 332 3197 quando
362 3111 400 3176 ad
428 3112 488 3176 hoc
517 3110 611 3174 etiam
641 3110 698 3174 deo
725 3110 915 3174 instituente
937 3111 1111 3193 perductus
1136 3131 1181 3185 es,
1205 3114 1242 3176 ut
1265 3115 1298 3176 et
1320 3113 1354 3176 in

165 3227 185 3289 4
209 3225 241 3286 te
255 3218 480 3284 catholicorum
499 3217 653 3301 glorietur
667 3218 810 3282 ecclesia.
830 3237 902 3282 nam
921 3218 1007 3282 sicut
1025 3217 1142 3282 diuinis
1160 3219 1355 3284 testimoniis
1375 3251 1402 3291 ,ὅ
1500 3222 1501 3285 i

210 3327 352 3392 eruditus
381 3329 413 3390 et
439 3325 527 3389 iuxta
554 3325 735 3407 apostolum
764 3344 923 3389 sacrarum
951 3325 1128 3389 litterarum
1152 3325 1357 3391 institutione

209 3436 364 3498 formatus
383 3433 443 3496 hoc
463 3431 638 3514 auspicium
659 3434 732 3495 tuae
752 3431 959 3496 ordinationis
980 3431 1118 3508 edidisti,
1133 3435 1171 3495 ut
1184 3433 1357 3498 aduersum

212 3539 376 3604 deuiantes
405 3557 477 3602 cum
507 3538 591 3602 sedis
620 3539 815 3620 apostolicae
839 3538 1007 3603 sententiis
1031 3539 1227 3602 conueniras.
1251 3558 1358 3621 neque

302 3731 337 3784 20
356 3729 427 3783 Esai.
447 3729 490 3792 66,
510 3729 526 3782 2

250 3841 266 3894 5
287 3837 401 3891 celerum
421 3835 452 3900 V,
468 3851 538 3889 corr.
554 3855 567 3889 ο
623 3837 638 3888 ‘l
660 3839 756 3889 cuncta
775 3840 860 3890 sanct.
879 3835 989 3888 seiuaci
1007 3835 1043 3888 ab
1062 3836 1101 3888 eis
1118 3841 1361 3903 praesequantur

252 3927 316 3983 118.
379 3925 447 3979 Dal.
469 3925 565 3990 (simul
582 3941 641 3978 curn
668 3941 706 3992 ep.
728 3928 795 3991 1:20)
816 3942 842 3977 a.
864 3923 1192 3991 creberrume
1209 3923 1362 3991 Rufinum,-

215 4016 359 4086 respondet
384 4015 518 4084 epistulae
539 4019 599 4069 117.
672 4014 746 4068 Edd.
774 4013 837 4068 Car.
864 4013 895 4066 Β
921 4016 992 4080 449;
1015 4012 1084 4066 Bar.
1110 4011 1149 4066 ad
1172 4029 1199 4067 o.
1221 4014 1283 4072 516,
1306 4017 1362 4079 50,-

219 4105 327 4160 Collect.
350 4102 468 4170 Concilc
489 4100 572 4155 BTA
591 4101 610 4154 1
630 4105 703 4168 383;
730 4101 809 4154 Tba'el
829 4104 896 4154 774.
988 4101 1017 4153 11
1044 4114 1092 4168 per
1114 4099 1228 4153 rufinum
1252 4099 1313 4152 diac
1337 4099 1366 4152 V

216 4195 373 4248 charactere
385 4191 532 4246 minutiore
545 4193 575 4244 in
589 4207 673 4260 naara.
713 4189 844 4245 lusimus
862 4189 894 4251 V,
913 4204 982 4243 corr.
1001 4207 1015 4238 o
1053 4190 1087 4253 lb
1101 4205 1170 4257 quae
1187 4187 1312 4242 redditur
1328 4187 1362 4243 V.

217 4299 286 4337 corr.
307 4281 333 4351 p²
