3025 4975
480 1150 756 1249 MONITVM
789 1149 1110 1248 Pssuvlvn

261 1432 436 1501 Posteriori
466 1436 538 1499 liuic
564 1436 711 1501 editionis
737 1456 824 1499 meae
846 1436 937 1517 parti
963 1435 1028 1515 lere
1050 1434 1132 1497 nihil
1156 1431 1250 1495 liabeo
1278 1430 1362 1510 quod

204 1542 423 1623 praemittam,
446 1542 502 1606 sed
529 1542 766 1607 animaduertas
792 1542 886 1607 uelim
910 1562 957 1617 eu,
982 1562 1061 1621 quae
1084 1542 1122 1605 de
1145 1538 1363 1619 compositione

210 1669 251 1711 ac
278 1648 417 1728 fontibus
444 1648 627 1715 collectionis
650 1650 825 1715 Auellauae
846 1650 1031 1730 propediem
1056 1669 1104 1711 mc
1131 1648 1195 1711 alio
1221 1646 1284 1710 loco
1311 1666 1362 1707 ec-

204 1756 404 1837 pliaaturum
436 1776 500 1821 esse
533 1778 616 1821 anno
647 1760 734 1821 1895
758 1757 897 1839 promisi
928 1756 984 1839 (cl.
1011 1757 1121 1836 partis
1147 1754 1171 1817 Ι
1193 1752 1361 1833 proleporn.

204 1886 243 1946 p.
266 1862 352 1945 III),
372 1886 440 1929 cum
463 1866 537 1931 aliis
560 1865 804 1951 quaestiunculis
826 1864 870 1928 ad
892 1884 961 1929 eam
983 1863 1185 1929 collectionem
1201 1860 1363 1941 pertinen

211 1971 296 2035 tibus
322 1970 387 2034 iam
409 1974 525 2052 pocccis
551 1953 707 2037 mensibus
728 1976 803 2053 post
829 1973 864 2035 in
895 1970 993 2035 lucem
1025 1971 1138 2033 emissa
1169 1988 1233 2031 esse
1264 1964 1362 2029 libello

212 2098 305 2158 quem
323 2078 470 2160 inscripsi
493 2077 915 2143 ‘Auellauu-Stccdieu'
932 2080 992 2161 (=
1009 2072 1285 2160 Siteunpsicriclcte
1307 2072 1364 2135 der

211 2184 309 2249 Kais.
339 2184 511 2250 Alcadcmic
538 2185 593 2250 dcr
629 2184 893 2266 Wissenseliosten
919 2186 955 2249 iu
988 2184 1088 2259 Wieu,
1122 2178 1363 2247 Philas-luston.

216 2290 333 2357 Classe.
351 2290 415 2355 Bo.
433 2290 628 2357 CXXXIV
642 2314 692 2357 no.
723 2290 754 2375 V,
780 2292 871 2357 Wien
889 2295 1002 2374 1896).
1025 2312 1114 2373 quem
1137 2288 1260 2374 quidem
1278 2286 1362 2351 libel-

210 2398 279 2461 lum
305 2400 488 2481 quicumque
514 2399 572 2463 liac
598 2400 732 2465 editione
761 2400 810 2464 uti
831 2400 909 2481 uult,
932 2400 1036 2480 facere
1058 2418 1121 2461 uou
1137 2397 1254 2478 poterit
1283 2395 1360 2475 quin

211 2513 241 2570 ct
269 2505 373 2586 ipsum
401 2527 521 2589 semper
544 2508 703 2586 adhibeat·
730 2529 768 2573 ea
790 2509 872 2573 enim
896 2529 974 2589 quae
995 2507 1061 2570 illic
1082 2503 1222 2585 exposui,
1244 2501 1361 2566 rectius

209 2613 413 2678 inseruissem
433 2615 514 2696 ipsis
531 2615 624 2680 leuius
642 2615 791 2680 editionis
801 2615 1037 2697 prolcpomenis.
1060 2613 1142 2694 qccod
1159 2633 1198 2676 ne
1215 2611 1357 2691 face-rem,

211 2725 247 2784 ut
271 2720 338 2784 iam
361 2721 422 2786 aiio
446 2721 508 2786 loeo
531 2722 609 2798 dici,
628 2723 712 2788 solae
734 2723 897 2788 obstabant
919 2721 1032 2785 iareim
1049 2721 1246 2802 popinarum
1263 2736 1360 2798 onyce·

209 2829 303 2893 stiae.
336 2849 456 2894 summo
485 2851 559 2895 uero
578 2831 696 2914 paudio
716 2835 866 2916 pratoque
888 2831 995 2894 animo
1019 2831 1149 2910 opnos'eo
1172 2830 1201 2890 ct
1217 2825 1360 2906 priorem

210 2934 364 3000 editionis
394 2957 480 3000 meae
505 2941 632 3018 partem
664 2942 693 3001 el
724 2959 761 3002 oa
789 2959 867 3019 quae
895 2935 993 3001 libello
1020 2935 1073 3000 illo
1100 2956 1163 2999 uon
1189 2931 1289 2997 solum
1317 2931 1360 2994 ad

210 3042 404 3107 Auellanam
433 3043 636 3109 collectionem
658 3046 713 3109 sed
736 3047 830 3109 ctiam
853 3045 896 3108 ad
918 3047 1016 3108 totam
1037 3063 1104 3108 run
1127 3039 1360 3122 diplomaticam

208 3149 297 3214 sedis
319 3150 504 3230 apostolicae
525 3152 681 3216 ineuntem
698 3152 895 3233 pertinentia
917 3152 1045 3232 exposui
1066 3149 1106 3214 ab
1129 3148 1173 3213 eis
1195 3151 1283 3225 certe,
1305 3146 1361 3225 qui

209 3257 326 3320 karum
348 3277 453 3320 rerum
470 3259 571 3340 periti
587 3263 670 3338 sunt,
689 3281 756 3324 una
775 3279 848 3322 uoce
866 3257 1040 3340 approbata
1058 3277 1132 3321 esse.
1156 3254 1238 3335 quael
1254 3254 1361 3336 mosum

209 3363 282 3444 fore
295 3366 329 3426 ut
342 3364 465 3428 eueniat
482 3387 571 3446 spero
586 3365 623 3430 dc
636 3365 694 3430 liae
708 3367 855 3431 editionis
861 3369 956 3448 parte
964 3363 1136 3446 paslmiore
1151 3359 1304 3445 simulque
1323 3359 1361 3423 de

210 3475 278 3534 toto
298 3491 365 3534 mco
387 3491 486 3552 opere,
511 3473 563 3536 cui
584 3473 686 3538 decem
707 3476 773 3555 fere
791 3495 892 3539 annos
908 3480 944 3538 ut
961 3493 1024 3538 nou
1041 3473 1110 3537 uoce
1126 3490 1239 3553 maqno
1258 3467 1361 3533 labore

210 3578 260 3642 ila
283 3597 404 3658 semper
425 3600 499 3644 uero
522 3581 623 3644 animi
642 3581 760 3664 poudio
782 3581 919 3650 incubui.

257 3685 331 3750 Iam
352 3707 426 3751 uero
449 3686 529 3753 nitu
549 3693 648 3755 restat
671 3689 735 3754 nisi
757 3695 794 3754 ut
809 3711 926 3771 pauca,
950 3711 1031 3772 auae
1052 3694 1109 3753 aut
1130 3689 1198 3769 ipse
1220 3682 1361 3749 commisi

210 3798 271 3858 aut
290 3793 451 3878 typotheta‚
471 3795 605 3860 breuiter
622 3797 775 3862 adnotem.
824 3819 860 3879 p.
878 3801 950 3882 4225
970 3796 1184 3878 corripendum
1203 3797 1271 3857 erut
1288 3812 1359 3856 me-

211 3901 457 3967 dicabuntur
481 3903 643 3969 obtritioni
667 3905 783 3986 (ἰῶντο
802 3909 982 3992 σύντριμμα
1001 3901 1130 3985 LXX).
1149 3939 1193 3948 -
1213 3903 1284 3984 481⁹
1305 3899 1359 3980 lea.
1491 3913 1496 3920 ’

210 4007 406 4074 sublimiias.
425 4047 469 4056 -
489 4013 532 4073 63
554 4011 638 4076 linea
661 4015 682 4074 3
705 4012 811 4076 adnot.
834 4011 888 4095 lep.
911 4013 949 4075 11
975 4011 1068 4077 uobis
1090 4011 1207 4093 Meyer.
1226 4045 1269 4054 -
1289 4010 1359 4092 66Ῑῦ

208 4121 239 4180 et
264 4163 292 4201 ,3
330 4118 462 4182 tenenda
497 4121 564 4182 erut
592 4118 703 4202 farma
738 4119 920 4202 Apthoaius
954 4119 1011 4203 (cf.
1043 4118 1178 4182 iudicem
1212 4134 1360 4197 persono-

208 4243 286 4287 rum
317 4243 342 4287 s.
375 4223 429 4303 a).
460 4263 499 4271 —
531 4229 602 4310 ⁶⁸24
635 4227 690 4308 lep.
723 4226 920 4308 pracsertim.
949 4263 993 4274 -
1023 4230 1102 4310 1014
1134 4225 1188 4307 lep.
1221 4243 1361 4290 summo-

207 4331 332 4396 nimus.
352 4367 395 4376 -
415 4335 491 4417 110⁶
517 4331 572 4414 lep.
597 4335 700 4400 coetu.
720 4337 871 4419 --112²³
897 4333 954 4415 lep.
980 4335 1105 4417 quanta.
1126 4336 1277 4415 —112²⁶
1303 4330 1359 4412 lep.
