<?xml version="1.0" encoding="UTF-8"?>
<!DOCTYPE html PUBLIC "-//W3C//DTD XHTML 1.0 Transitional//EN"
    "http://www.w3.org/TR/xhtml1/DTD/xhtml1-transitional.dtd">
<html xmlns="http://www.w3.org/1999/xhtml" xml:lang="en" lang="en">
 <head>
  <title>
</title>
<meta http-equiv="Content-Type" content="text/html;charset=utf-8" />
  <meta name='ocr-system' content='tesseract 3.04.00' />
  <meta name='ocr-capabilities' content='ocr_page ocr_carea ocr_par ocr_line ocrx_word'/>
</head>
<body>
  <div class='ocr_page' id='page_1' title='image "./corpusscriptoru02wiengoog_0079.png"; bbox 0 0 3025 4975; ppageno 0'>
   <div class='ocr_carea' id='block_1_1' title="bbox 415 486 1241 558">
    <p class='ocr_par' dir='ltr' id='par_1_1' title="bbox 415 486 1241 558">
     <span class='ocr_line' id='line_1_1' title="bbox 415 486 1241 558; baseline 0.019 -16"><span class='ocrx_word' id='word_1_1' title='bbox 415 487 501 558; x_wconf 75' lang='lat' dir='ltr'><strong>rapsa.</strong></span> <span class='ocrx_word' id='word_1_2' title='bbox 521 486 642 543; x_wconf 82' lang='lat' dir='ltr'>cxxxv</span> <span class='ocrx_word' id='word_1_3' title='bbox 661 490 676 541; x_wconf 89' lang='lat' dir='ltr'><strong>r</strong></span> <span class='ocrx_word' id='word_1_4' title='bbox 696 518 730 529; x_wconf 89' lang='grc'><strong>-</strong></span> <span class='ocrx_word' id='word_1_5' title='bbox 750 488 886 544; x_wconf 82' lang='lat' dir='ltr'><strong>cxxxro</strong></span> <span class='ocrx_word' id='word_1_6' title='bbox 903 490 929 543; x_wconf 86' lang='lat' dir='ltr'><strong>a.</strong></span> <span class='ocrx_word' id='word_1_7' title='bbox 1175 494 1241 557; x_wconf 79' lang='lat'><strong>559</strong></span> 
     </span>
    </p>
   </div>
   <div class='ocr_carea' id='block_1_2' title="bbox 72 682 1285 3757">
    <p class='ocr_par' dir='ltr' id='par_1_2' title="bbox 72 682 1285 3757">
     <span class='ocr_line' id='line_1_2' title="bbox 111 682 1241 769; baseline 0.004 -22"><span class='ocrx_word' id='word_1_8' title='bbox 111 682 321 749; x_wconf 79' lang='lat' dir='ltr'><strong>adhortationis</strong></span> <span class='ocrx_word' id='word_1_9' title='bbox 340 684 499 760; x_wconf 86' lang='lat' dir='ltr'><strong>informet,</strong></span> <span class='ocrx_word' id='word_1_10' title='bbox 518 684 730 751; x_wconf 88' lang='lat' dir='ltr'><strong>Uiennensem</strong></span> <span class='ocrx_word' id='word_1_11' title='bbox 750 686 946 768; x_wconf 90' lang='lat' dir='ltr'><strong>prouinciam</strong></span> <span class='ocrx_word' id='word_1_12' title='bbox 967 687 1130 769; x_wconf 82' lang='lat' dir='ltr'>superiore</span> <span class='ocrx_word' id='word_1_13' title='bbox 1150 705 1241 764; x_wconf 80' lang='lat' dir='ltr'><strong>anno,</strong></span> 
     </span>
     <span class='ocr_line' id='line_1_3' title="bbox 111 790 1240 876; baseline 0.003 -22"><span class='ocrx_word' id='word_1_14' title='bbox 111 790 132 854; x_wconf 86' lang='lat' dir='ltr'><strong>si</strong></span> <span class='ocrx_word' id='word_1_15' title='bbox 153 791 330 856; x_wconf 82' lang='lat' dir='ltr'><strong>meminisse</strong></span> <span class='ocrx_word' id='word_1_16' title='bbox 359 792 543 876; x_wconf 87' lang='lat' dir='ltr'><strong>dignamini.</strong></span> <span class='ocrx_word' id='word_1_17' title='bbox 573 793 655 857; x_wconf 89' lang='lat' dir='ltr'><strong>datis</strong></span> <span class='ocrx_word' id='word_1_18' title='bbox 685 793 724 857; x_wconf 87' lang='lat' dir='ltr'><strong>ad</strong></span> <span class='ocrx_word' id='word_1_19' title='bbox 753 793 969 858; x_wconf 86' lang='lat' dir='ltr'><strong>humilitatem</strong></span> <span class='ocrx_word' id='word_1_20' title='bbox 997 812 1101 857; x_wconf 91' lang='lat' dir='ltr'><strong>meam</strong></span> <span class='ocrx_word' id='word_1_21' title='bbox 1122 792 1240 857; x_wconf 87' lang='lat' dir='ltr'><strong>litteris</strong></span> 
     </span>
     <span class='ocr_line' id='line_1_4' title="bbox 110 896 1242 982; baseline 0.002 -22"><span class='ocrx_word' id='word_1_22' title='bbox 110 896 258 973; x_wconf 84' lang='lat' dir='ltr'><strong>uisitastis‚</strong></span> <span class='ocrx_word' id='word_1_23' title='bbox 284 917 428 981; x_wconf 86' lang='lat' dir='ltr'><strong>quaeque</strong></span> <span class='ocrx_word' id='word_1_24' title='bbox 452 898 492 962; x_wconf 89' lang='lat' dir='ltr'><strong>ad</strong></span> <span class='ocrx_word' id='word_1_25' title='bbox 515 918 575 973; x_wconf 83' lang='lat' dir='ltr'><strong>me,</strong></span> <span class='ocrx_word' id='word_1_26' title='bbox 600 898 776 963; x_wconf 92' lang='lat' dir='ltr'><strong>secundum</strong></span> <span class='ocrx_word' id='word_1_27' title='bbox 800 899 887 981; x_wconf 90' lang='lat' dir='ltr'><strong>quod</strong></span> <span class='ocrx_word' id='word_1_28' title='bbox 909 900 1110 982; x_wconf 78' lang='lat' dir='ltr'><strong>oportunitas</strong></span> <span class='ocrx_word' id='word_1_29' title='bbox 1134 900 1242 965; x_wconf 89' lang='lat' dir='ltr'><strong>oblata</strong></span> 
     </span>
     <span class='ocr_line' id='line_1_5' title="bbox 110 1004 1242 1088; baseline 0.003 -21"><span class='ocrx_word' id='word_1_30' title='bbox 110 1004 275 1081; x_wconf 77' lang='lat' dir='ltr'><strong>contulerat,</strong></span> <span class='ocrx_word' id='word_1_31' title='bbox 304 1024 361 1087; x_wconf 91' lang='lat' dir='ltr'><strong>per</strong></span> <span class='ocrx_word' id='word_1_32' title='bbox 387 1004 583 1070; x_wconf 79' lang='lat' dir='ltr'><strong>Arelatensis</strong></span> <span class='ocrx_word' id='word_1_33' title='bbox 613 1005 767 1071; x_wconf 89' lang='lat' dir='ltr'><strong>ecclcsiae</strong></span> <span class='ocrx_word' id='word_1_34' title='bbox 800 1004 933 1070; x_wconf 88' lang='lat' dir='ltr'><strong>clericos</strong></span> <span class='ocrx_word' id='word_1_35' title='bbox 965 1009 1178 1088; x_wconf 89' lang='lat' dir='ltr'><strong>peruenerunt</strong></span> <span class='ocrx_word' id='word_1_36' title='bbox 1209 1009 1242 1070; x_wconf 91' lang='lat' dir='ltr'><strong>et</strong></span> 
     </span>
     <span class='ocr_line' id='line_1_6' title="bbox 88 1110 1241 1195; baseline -0.002 -17"><span class='ocrx_word' id='word_1_37' title='bbox 88 1110 219 1192; x_wconf 75' lang='lat' dir='ltr'><strong>squidem</strong></span> <span class='ocrx_word' id='word_1_38' title='bbox 254 1111 459 1195; x_wconf 90' lang='lat' dir='ltr'><strong>plenissimae</strong></span> <span class='ocrx_word' id='word_1_39' title='bbox 498 1112 714 1176; x_wconf 88' lang='lat' dir='ltr'><strong>sollicitudine</strong></span> <span class='ocrx_word' id='word_1_40' title='bbox 749 1112 916 1193; x_wconf 85' lang='lat' dir='ltr'><strong>pastorali.</strong></span> <span class='ocrx_word' id='word_1_41' title='bbox 954 1111 987 1176; x_wconf 91' lang='lat' dir='ltr'><strong>in</strong></span> <span class='ocrx_word' id='word_1_42' title='bbox 1025 1112 1142 1193; x_wconf 88' lang='lat' dir='ltr'><strong>quibus</strong></span> <span class='ocrx_word' id='word_1_43' title='bbox 1183 1131 1241 1177; x_wconf 89' lang='lat' dir='ltr'><strong>noa</strong></span> 
     </span>
     <span class='ocr_line' id='line_1_7' title="bbox 110 1218 1241 1300; baseline 0 -19"><span class='ocrx_word' id='word_1_44' title='bbox 110 1218 179 1282; x_wconf 90' lang='lat' dir='ltr'><strong>sicut</strong></span> <span class='ocrx_word' id='word_1_45' title='bbox 199 1238 254 1300; x_wconf 91' lang='lat' dir='ltr'><strong>per</strong></span> <span class='ocrx_word' id='word_1_46' title='bbox 276 1218 516 1283; x_wconf 89' lang='lat' dir='ltr'><strong>conuersionem</strong></span> <span class='ocrx_word' id='word_1_47' title='bbox 539 1218 786 1299; x_wconf 83' lang='lat' dir='ltr'><strong>prouinciarum,</strong></span> <span class='ocrx_word' id='word_1_48' title='bbox 811 1219 844 1282; x_wconf 93' lang='lat' dir='ltr'><strong>id</strong></span> <span class='ocrx_word' id='word_1_49' title='bbox 868 1222 917 1283; x_wconf 90' lang='lat' dir='ltr'><strong>est</strong></span> <span class='ocrx_word' id='word_1_50' title='bbox 939 1218 1116 1284; x_wconf 86' lang='lat' dir='ltr'><strong>Dardaniae</strong></span> <span class='ocrx_word' id='word_1_51' title='bbox 1140 1218 1241 1300; x_wconf 83' lang='lat' dir='ltr'><strong>Hilly·</strong></span> 
     </span>
     <span class='ocr_line' id='line_1_8' title="bbox 109 1323 1240 1409; baseline 0.003 -22"><span class='ocrx_word' id='word_1_52' title='bbox 109 1323 155 1389; x_wconf 90' lang='lat' dir='ltr'><strong>rici</strong></span> <span class='ocrx_word' id='word_1_53' title='bbox 175 1325 224 1389; x_wconf 88' lang='lat' dir='ltr'><strong>uel</strong></span> <span class='ocrx_word' id='word_1_54' title='bbox 248 1324 408 1408; x_wconf 80' lang='lat' dir='ltr'><strong>Scythiae,</strong></span> <span class='ocrx_word' id='word_1_55' title='bbox 434 1324 473 1389; x_wconf 91' lang='lat' dir='ltr'><strong>ad</strong></span> <span class='ocrx_word' id='word_1_56' title='bbox 497 1324 751 1389; x_wconf 89' lang='lat' dir='ltr'><strong>communionem</strong></span> <span class='ocrx_word' id='word_1_57' title='bbox 772 1325 961 1409; x_wconf 83' lang='lat' dir='ltr'><strong>gaudiorum</strong></span> <span class='ocrx_word' id='word_1_58' title='bbox 979 1326 1174 1407; x_wconf 74' lang='lat' dir='ltr'><strong>proderetis,</strong></span> <span class='ocrx_word' id='word_1_59' title='bbox 1194 1325 1240 1390; x_wconf 90' lang='lat' dir='ltr'><strong>sic</strong></span> 
     </span>
     <span class='ocr_line' id='line_1_9' title="bbox 110 1430 1241 1517; baseline 0.003 -25"><span class='ocrx_word' id='word_1_60' title='bbox 110 1430 304 1497; x_wconf 75' lang='lat' dir='ltr'><strong>admonitione</strong></span> <span class='ocrx_word' id='word_1_61' title='bbox 346 1432 542 1509; x_wconf 82' lang='lat' dir='ltr'><strong>cautissima,</strong></span> <span class='ocrx_word' id='word_1_62' title='bbox 580 1451 618 1495; x_wconf 90' lang='lat' dir='ltr'><strong>ne</strong></span> <span class='ocrx_word' id='word_1_63' title='bbox 657 1432 732 1514; x_wconf 93' lang='lat' dir='ltr'><strong>quid</strong></span> <span class='ocrx_word' id='word_1_64' title='bbox 769 1451 826 1515; x_wconf 89' lang='lat' dir='ltr'><strong>per</strong></span> <span class='ocrx_word' id='word_1_65' title='bbox 861 1432 1071 1517; x_wconf 83' lang='lat' dir='ltr'><strong>ignorantiam</strong></span> <span class='ocrx_word' id='word_1_66' title='bbox 1112 1450 1241 1515; x_wconf 91' lang='lat' dir='ltr'><strong>praeue-</strong></span> 
     </span>
     <span class='ocr_line' id='line_1_10' title="bbox 109 1538 1285 1624; baseline 0.002 -23"><span class='ocrx_word' id='word_1_67' title='bbox 109 1538 161 1601; x_wconf 90' lang='lat' dir='ltr'><strong>nire</strong></span> <span class='ocrx_word' id='word_1_68' title='bbox 177 1538 287 1621; x_wconf 87' lang='lat' dir='ltr'><strong>possit,</strong></span> <span class='ocrx_word' id='word_1_69' title='bbox 307 1538 476 1605; x_wconf 86' lang='lat' dir='ltr'><strong>instruitis.</strong></span> <span class='ocrx_word' id='word_1_70' title='bbox 532 1539 719 1621; x_wconf 81' lang='lat' dir='ltr'><strong>Eutychetis</strong></span> <span class='ocrx_word' id='word_1_71' title='bbox 739 1539 839 1624; x_wconf 87' lang='lat' dir='ltr'><strong>igitur</strong></span> <span class='ocrx_word' id='word_1_72' title='bbox 851 1538 1056 1621; x_wconf 89' lang='lat' dir='ltr'><strong>Nestoriique</strong></span> <span class='ocrx_word' id='word_1_73' title='bbox 1070 1538 1240 1615; x_wconf 76' lang='lat' dir='ltr'><strong>damnatio,</strong></span> <span class='ocrx_word' id='word_1_74' title='bbox 1265 1542 1285 1603; x_wconf 83' lang='lat'>2</span> 
     </span>
     <span class='ocr_line' id='line_1_11' title="bbox 78 1646 1241 1729; baseline 0.003 -22"><span class='ocrx_word' id='word_1_75' title='bbox 78 1664 173 1727; x_wconf 72' lang='lat' dir='ltr'><strong>roquos</strong></span> <span class='ocrx_word' id='word_1_76' title='bbox 206 1646 393 1711; x_wconf 88' lang='lat' dir='ltr'><strong>iamdudum</strong></span> <span class='ocrx_word' id='word_1_77' title='bbox 431 1664 488 1729; x_wconf 83' lang='lat' dir='ltr'><strong>per</strong></span> <span class='ocrx_word' id='word_1_78' title='bbox 523 1646 726 1711; x_wconf 88' lang='lat' dir='ltr'><strong>beatissimos</strong></span> <span class='ocrx_word' id='word_1_79' title='bbox 766 1646 949 1711; x_wconf 81' lang='lat' dir='ltr'><strong>decessores</strong></span> <span class='ocrx_word' id='word_1_80' title='bbox 987 1650 1117 1710; x_wconf 86' lang='lat' dir='ltr'><strong>sanctae</strong></span> <span class='ocrx_word' id='word_1_81' title='bbox 1154 1646 1241 1710; x_wconf 85' lang='lat' dir='ltr'><strong>sedis</strong></span> 
     </span>
     <span class='ocr_line' id='line_1_12' title="bbox 109 1752 1241 1836; baseline 0.002 -21"><span class='ocrx_word' id='word_1_82' title='bbox 109 1756 216 1817; x_wconf 87' lang='lat' dir='ltr'><strong>rostrae</strong></span> <span class='ocrx_word' id='word_1_83' title='bbox 245 1754 384 1819; x_wconf 87' lang='lat' dir='ltr'><strong>calcauit</strong></span> <span class='ocrx_word' id='word_1_84' title='bbox 411 1753 594 1829; x_wconf 88' lang='lat' dir='ltr'><strong>auctoritas,</strong></span> <span class='ocrx_word' id='word_1_85' title='bbox 624 1752 663 1817; x_wconf 87' lang='lat' dir='ltr'><strong>ad</strong></span> <span class='ocrx_word' id='word_1_86' title='bbox 691 1754 839 1818; x_wconf 84' lang='lat' dir='ltr'><strong>notitiam</strong></span> <span class='ocrx_word' id='word_1_87' title='bbox 867 1754 932 1817; x_wconf 91' lang='lat' dir='ltr'><strong>iarn</strong></span> <span class='ocrx_word' id='word_1_88' title='bbox 955 1753 1077 1836; x_wconf 86' lang='lat' dir='ltr'><strong>pridem</strong></span> <span class='ocrx_word' id='word_1_89' title='bbox 1100 1757 1241 1817; x_wconf 89' lang='lat' dir='ltr'><strong>nostram</strong></span> 
     </span>
     <span class='ocr_line' id='line_1_13' title="bbox 110 1858 1242 1943; baseline 0.003 -23"><span class='ocrx_word' id='word_1_90' title='bbox 110 1860 284 1939; x_wconf 91' lang='lat' dir='ltr'><strong>apostolicae</strong></span> <span class='ocrx_word' id='word_1_91' title='bbox 308 1860 348 1924; x_wconf 88' lang='lat' dir='ltr'><strong>ad</strong></span> <span class='ocrx_word' id='word_1_92' title='bbox 370 1878 428 1925; x_wconf 90' lang='lat' dir='ltr'><strong>nos</strong></span> <span class='ocrx_word' id='word_1_93' title='bbox 452 1859 636 1943; x_wconf 83' lang='lat' dir='ltr'><strong>diligentiae</strong></span> <span class='ocrx_word' id='word_1_94' title='bbox 659 1860 843 1943; x_wconf 89' lang='lat' dir='ltr'><strong>prouisione</strong></span> <span class='ocrx_word' id='word_1_95' title='bbox 864 1860 988 1942; x_wconf 88' lang='lat' dir='ltr'><strong>perlata</strong></span> <span class='ocrx_word' id='word_1_96' title='bbox 1005 1862 1066 1924; x_wconf 89' lang='lat' dir='ltr'><strong>est.</strong></span> <span class='ocrx_word' id='word_1_97' title='bbox 1085 1858 1142 1924; x_wconf 90' lang='lat' dir='ltr'><strong>sed</strong></span> <span class='ocrx_word' id='word_1_98' title='bbox 1159 1859 1242 1923; x_wconf 87' lang='lat' dir='ltr'><strong>illud</strong></span> 
     </span>
     <span class='ocr_line' id='line_1_14' title="bbox 109 1966 1240 2051; baseline 0.002 -24"><span class='ocrx_word' id='word_1_99' title='bbox 109 1984 155 2029; x_wconf 90' lang='lat' dir='ltr'><strong>nos</strong></span> <span class='ocrx_word' id='word_1_100' title='bbox 183 1967 274 2031; x_wconf 89' lang='lat' dir='ltr'><strong>modo</strong></span> <span class='ocrx_word' id='word_1_101' title='bbox 308 1985 481 2049; x_wconf 87' lang='lat' dir='ltr'><strong>suspensos</strong></span> <span class='ocrx_word' id='word_1_102' title='bbox 513 1967 650 2031; x_wconf 88' lang='lat' dir='ltr'><strong>multum</strong></span> <span class='ocrx_word' id='word_1_103' title='bbox 684 1966 801 2051; x_wconf 88' lang='lat' dir='ltr'><strong>redigit</strong></span> <span class='ocrx_word' id='word_1_104' title='bbox 833 1970 866 2031; x_wconf 92' lang='lat' dir='ltr'><strong>et</strong></span> <span class='ocrx_word' id='word_1_105' title='bbox 898 1968 1016 2043; x_wconf 87' lang='lat' dir='ltr'><strong>anxios,</strong></span> <span class='ocrx_word' id='word_1_106' title='bbox 1051 1966 1135 2050; x_wconf 91' lang='lat' dir='ltr'><strong>quod</strong></span> <span class='ocrx_word' id='word_1_107' title='bbox 1167 1984 1240 2031; x_wconf 87' lang='lat' dir='ltr'><strong>cum</strong></span> 
     </span>
     <span class='ocr_line' id='line_1_15' title="bbox 109 2072 1241 2157; baseline 0.001 -22"><span class='ocrx_word' id='word_1_108' title='bbox 109 2072 225 2153; x_wconf 88' lang='lat' dir='ltr'><strong>pendere</strong></span> <span class='ocrx_word' id='word_1_109' title='bbox 252 2093 310 2138; x_wconf 90' lang='lat' dir='ltr'><strong>nos</strong></span> <span class='ocrx_word' id='word_1_110' title='bbox 339 2074 378 2137; x_wconf 91' lang='lat' dir='ltr'><strong>ad</strong></span> <span class='ocrx_word' id='word_1_111' title='bbox 402 2074 551 2138; x_wconf 87' lang='lat' dir='ltr'><strong>effectum</strong></span> <span class='ocrx_word' id='word_1_112' title='bbox 573 2072 745 2157; x_wconf 88' lang='lat' dir='ltr'><strong>legationis</strong></span> <span class='ocrx_word' id='word_1_113' title='bbox 770 2074 909 2139; x_wconf 91' lang='lat' dir='ltr'><strong>secundo</strong></span> <span class='ocrx_word' id='word_1_114' title='bbox 935 2073 1241 2155; x_wconf 82' lang='lat' dir='ltr'><strong>Constantinopolim</strong></span> 
     </span>
     <span class='ocr_line' id='line_1_16' title="bbox 78 2176 1240 2264; baseline 0.003 -25"><span class='ocrx_word' id='word_1_115' title='bbox 78 2200 95 2236; x_wconf 81' lang='lat' dir='ltr'><strong>o</strong></span> <span class='ocrx_word' id='word_1_116' title='bbox 110 2176 267 2243; x_wconf 88' lang='lat' dir='ltr'><strong>destinatae</strong></span> <span class='ocrx_word' id='word_1_117' title='bbox 292 2180 378 2245; x_wconf 93' lang='lat' dir='ltr'><strong>omni</strong></span> <span class='ocrx_word' id='word_1_118' title='bbox 402 2180 628 2264; x_wconf 81' lang='lat' dir='ltr'><strong>expectationis</strong></span> <span class='ocrx_word' id='word_1_119' title='bbox 654 2181 760 2247; x_wconf 89' lang='lat' dir='ltr'><strong>studio</strong></span> <span class='ocrx_word' id='word_1_120' title='bbox 784 2180 955 2258; x_wconf 72' lang='lat' dir='ltr'><strong>inmeritis,</strong></span> <span class='ocrx_word' id='word_1_121' title='bbox 974 2199 1032 2245; x_wconf 90' lang='lat' dir='ltr'><strong>nec</strong></span> <span class='ocrx_word' id='word_1_122' title='bbox 1056 2180 1132 2262; x_wconf 89' lang='lat' dir='ltr'><strong>quid</strong></span> <span class='ocrx_word' id='word_1_123' title='bbox 1154 2179 1240 2244; x_wconf 90' lang='lat' dir='ltr'><strong>filius</strong></span> 
     </span>
     <span class='ocr_line' id='line_1_17' title="bbox 110 2286 1239 2365; baseline 0.002 -18"><span class='ocrx_word' id='word_1_124' title='bbox 110 2288 199 2349; x_wconf 86' lang='lat' dir='ltr'><strong>uester</strong></span> <span class='ocrx_word' id='word_1_125' title='bbox 234 2288 363 2351; x_wconf 89' lang='lat' dir='ltr'><strong>sanctus</strong></span> <span class='ocrx_word' id='word_1_126' title='bbox 402 2286 498 2351; x_wconf 87' lang='lat' dir='ltr'><strong>trater</strong></span> <span class='ocrx_word' id='word_1_127' title='bbox 533 2306 625 2352; x_wconf 89' lang='lat' dir='ltr'><strong>meus</strong></span> <span class='ocrx_word' id='word_1_128' title='bbox 657 2288 821 2353; x_wconf 84' lang='lat' dir='ltr'><strong>Ennodius</strong></span> <span class='ocrx_word' id='word_1_129' title='bbox 853 2288 1008 2365; x_wconf 78' lang='lat' dir='ltr'><strong>retulerit,</strong></span> <span class='ocrx_word' id='word_1_130' title='bbox 1042 2306 1100 2351; x_wconf 91' lang='lat' dir='ltr'><strong>nec</strong></span> <span class='ocrx_word' id='word_1_131' title='bbox 1131 2291 1239 2350; x_wconf 88' lang='lat' dir='ltr'><strong>utrum</strong></span> 
     </span>
     <span class='ocr_line' id='line_1_18' title="bbox 109 2392 1241 2476; baseline 0.003 -23"><span class='ocrx_word' id='word_1_132' title='bbox 109 2396 201 2456; x_wconf 86' lang='lat' dir='ltr'><strong>secuta</strong></span> <span class='ocrx_word' id='word_1_133' title='bbox 236 2392 375 2470; x_wconf 85' lang='lat' dir='ltr'><strong>redierit,</strong></span> <span class='ocrx_word' id='word_1_134' title='bbox 412 2393 579 2459; x_wconf 91' lang='lat' dir='ltr'><strong>indicastis</strong></span> <span class='ocrx_word' id='word_1_135' title='bbox 617 2398 649 2459; x_wconf 93' lang='lat' dir='ltr'><strong>et</strong></span> <span class='ocrx_word' id='word_1_136' title='bbox 686 2395 930 2476; x_wconf 87' lang='lat' dir='ltr'><strong>promissionem</strong></span> <span class='ocrx_word' id='word_1_137' title='bbox 969 2397 1109 2458; x_wconf 86' lang='lat' dir='ltr'><strong>uestram</strong></span> <span class='ocrx_word' id='word_1_138' title='bbox 1151 2397 1241 2457; x_wconf 90' lang='lat' dir='ltr'><strong>tanta</strong></span> 
     </span>
     <span class='ocr_line' id='line_1_19' title="bbox 108 2498 1240 2584; baseline 0.002 -23"><span class='ocrx_word' id='word_1_139' title='bbox 108 2498 209 2564; x_wconf 88' lang='lat' dir='ltr'><strong>silentii</strong></span> <span class='ocrx_word' id='word_1_140' title='bbox 229 2501 439 2566; x_wconf 88' lang='lat' dir='ltr'><strong>diuturnitate</strong></span> <span class='ocrx_word' id='word_1_141' title='bbox 459 2503 665 2584; x_wconf 79' lang='lat' dir='ltr'><strong>suspenditis.</strong></span> <span class='ocrx_word' id='word_1_142' title='bbox 689 2507 811 2567; x_wconf 92' lang='lat' dir='ltr'><strong>utnon</strong></span> <span class='ocrx_word' id='word_1_143' title='bbox 834 2503 940 2566; x_wconf 90' lang='lat' dir='ltr'><strong>minus</strong></span> <span class='ocrx_word' id='word_1_144' title='bbox 964 2502 1057 2566; x_wconf 91' lang='lat' dir='ltr'><strong>modo</strong></span> <span class='ocrx_word' id='word_1_145' title='bbox 1082 2499 1240 2584; x_wconf 88' lang='lat' dir='ltr'><strong>praedica·</strong></span> 
     </span>
     <span class='ocr_line' id='line_1_20' title="bbox 107 2606 1240 2691; baseline 0.001 -22"><span class='ocrx_word' id='word_1_146' title='bbox 107 2607 171 2672; x_wconf 86' lang='lat' dir='ltr'><strong>toris</strong></span> <span class='ocrx_word' id='word_1_147' title='bbox 196 2609 399 2672; x_wconf 87' lang='lat' dir='ltr'><strong>taciturnitas</strong></span> <span class='ocrx_word' id='word_1_148' title='bbox 427 2608 538 2672; x_wconf 90' lang='lat' dir='ltr'><strong>reddat</strong></span> <span class='ocrx_word' id='word_1_149' title='bbox 565 2610 718 2674; x_wconf 89' lang='lat' dir='ltr'><strong>attonitos</strong></span> <span class='ocrx_word' id='word_1_150' title='bbox 747 2629 843 2690; x_wconf 87' lang='lat' dir='ltr'><strong>qnam</strong></span> <span class='ocrx_word' id='word_1_151' title='bbox 873 2611 967 2673; x_wconf 85' lang='lat' dir='ltr'><strong>antee</strong></span> <span class='ocrx_word' id='word_1_152' title='bbox 988 2609 1107 2672; x_wconf 86' lang='lat' dir='ltr'><strong>fecerat</strong></span> <span class='ocrx_word' id='word_1_153' title='bbox 1128 2606 1240 2691; x_wconf 90' lang='lat' dir='ltr'><strong>legati-</strong></span> 
     </span>
     <span class='ocr_line' id='line_1_21' title="bbox 74 2713 1284 2798; baseline 0.007 -28"><span class='ocrx_word' id='word_1_154' title='bbox 74 2733 93 2770; x_wconf 76' lang='lat' dir='ltr'><strong>ro</strong></span> <span class='ocrx_word' id='word_1_155' title='bbox 108 2713 165 2777; x_wconf 90' lang='lat' dir='ltr'><strong>onis</strong></span> <span class='ocrx_word' id='word_1_156' title='bbox 189 2735 275 2780; x_wconf 90' lang='lat' dir='ltr'><strong>mora</strong></span> <span class='ocrx_word' id='word_1_157' title='bbox 300 2717 480 2798; x_wconf 89' lang='lat' dir='ltr'><strong>suspectos.</strong></span> <span class='ocrx_word' id='word_1_158' title='bbox 549 2715 633 2780; x_wconf 89' lang='lat' dir='ltr'><strong>unde</strong></span> <span class='ocrx_word' id='word_1_159' title='bbox 658 2716 726 2780; x_wconf 89' lang='lat' dir='ltr'><strong>sola</strong></span> <span class='ocrx_word' id='word_1_160' title='bbox 750 2735 847 2780; x_wconf 87' lang='lat' dir='ltr'><strong>cansa</strong></span> <span class='ocrx_word' id='word_1_161' title='bbox 870 2735 980 2780; x_wconf 90' lang='lat' dir='ltr'><strong>seruos</strong></span> <span class='ocrx_word' id='word_1_162' title='bbox 1005 2716 1131 2778; x_wconf 90' lang='lat' dir='ltr'><strong>uestros</strong></span> <span class='ocrx_word' id='word_1_163' title='bbox 1154 2713 1239 2778; x_wconf 89' lang='lat' dir='ltr'><strong>filios</strong></span> <span class='ocrx_word' id='word_1_164' title='bbox 1264 2729 1284 2790; x_wconf 82' lang='lat'><strong>3</strong></span> 
     </span>
     <span class='ocr_line' id='line_1_22' title="bbox 106 2819 1238 2906; baseline 0.002 -26"><span class='ocrx_word' id='word_1_165' title='bbox 106 2837 180 2886; x_wconf 88' lang='lat' dir='ltr'><strong>meos</strong></span> <span class='ocrx_word' id='word_1_166' title='bbox 201 2821 365 2886; x_wconf 79' lang='lat' dir='ltr'><strong>Alethium</strong></span> <span class='ocrx_word' id='word_1_167' title='bbox 389 2822 608 2906; x_wconf 83' lang='lat' dir='ltr'><strong>presbyterum</strong></span> <span class='ocrx_word' id='word_1_168' title='bbox 638 2826 670 2886; x_wconf 94' lang='lat' dir='ltr'><strong>et</strong></span> <span class='ocrx_word' id='word_1_169' title='bbox 707 2821 897 2886; x_wconf 87' lang='lat' dir='ltr'><strong>Uiuentium</strong></span> <span class='ocrx_word' id='word_1_170' title='bbox 934 2821 1102 2886; x_wconf 90' lang='lat' dir='ltr'><strong>diaconum</strong></span> <span class='ocrx_word' id='word_1_171' title='bbox 1138 2819 1238 2883; x_wconf 90' lang='lat' dir='ltr'><strong>totius</strong></span> 
     </span>
     <span class='ocr_line' id='line_1_23' title="bbox 107 2924 1239 3009; baseline -0.001 -21"><span class='ocrx_word' id='word_1_172' title='bbox 107 2927 268 3006; x_wconf 90' lang='lat' dir='ltr'><strong>prouinciae</strong></span> <span class='ocrx_word' id='word_1_173' title='bbox 294 2927 484 2992; x_wconf 85' lang='lat' dir='ltr'><strong>Uiennensis</strong></span> <span class='ocrx_word' id='word_1_174' title='bbox 508 2928 644 3004; x_wconf 83' lang='lat' dir='ltr'><strong>nomine,</strong></span> <span class='ocrx_word' id='word_1_175' title='bbox 669 2947 749 3009; x_wconf 86' lang='lat' dir='ltr'><strong>quae</strong></span> <span class='ocrx_word' id='word_1_176' title='bbox 769 2927 923 2992; x_wconf 87' lang='lat' dir='ltr'><strong>ecclesiae</strong></span> <span class='ocrx_word' id='word_1_177' title='bbox 942 2927 982 2991; x_wconf 90' lang='lat' dir='ltr'><strong>ad</strong></span> <span class='ocrx_word' id='word_1_178' title='bbox 1000 2945 1051 2990; x_wconf 91' lang='lat' dir='ltr'><strong>me</strong></span> <span class='ocrx_word' id='word_1_179' title='bbox 1070 2924 1239 3007; x_wconf 89' lang='lat' dir='ltr'><strong>pertinenti</strong></span> 
     </span>
     <span class='ocr_line' id='line_1_24' title="bbox 106 3030 1239 3117; baseline 0.004 -24"><span class='ocrx_word' id='word_1_180' title='bbox 106 3030 136 3094; x_wconf 90' lang='lat' dir='ltr'><strong>ab</strong></span> <span class='ocrx_word' id='word_1_181' title='bbox 157 3033 311 3098; x_wconf 88' lang='lat' dir='ltr'><strong>uniuersis</strong></span> <span class='ocrx_word' id='word_1_182' title='bbox 336 3034 556 3100; x_wconf 89' lang='lat' dir='ltr'><strong>decessoribus</strong></span> <span class='ocrx_word' id='word_1_183' title='bbox 580 3035 697 3099; x_wconf 89' lang='lat' dir='ltr'><strong>uestris</strong></span> <span class='ocrx_word' id='word_1_184' title='bbox 722 3043 754 3100; x_wconf 91' lang='lat' dir='ltr'><strong>et</strong></span> <span class='ocrx_word' id='word_1_185' title='bbox 778 3037 954 3117; x_wconf 89' lang='lat' dir='ltr'><strong>apostolice</strong></span> <span class='ocrx_word' id='word_1_186' title='bbox 973 3036 1048 3100; x_wconf 89' lang='lat' dir='ltr'><strong>sede</strong></span> <span class='ocrx_word' id='word_1_187' title='bbox 1068 3036 1239 3100; x_wconf 86' lang='lat' dir='ltr'><strong>commissa</strong></span> 
     </span>
     <span class='ocr_line' id='line_1_25' title="bbox 106 3141 1237 3226; baseline 0.004 -26"><span class='ocrx_word' id='word_1_188' title='bbox 106 3143 154 3214; x_wconf 82' lang='lat' dir='ltr'><strong>est,</strong></span> <span class='ocrx_word' id='word_1_189' title='bbox 183 3159 254 3205; x_wconf 90' lang='lat' dir='ltr'><strong>cum</strong></span> <span class='ocrx_word' id='word_1_190' title='bbox 286 3141 461 3224; x_wconf 87' lang='lat' dir='ltr'><strong>praesentis</strong></span> <span class='ocrx_word' id='word_1_191' title='bbox 493 3142 667 3206; x_wconf 88' lang='lat' dir='ltr'><strong>famulatus</strong></span> <span class='ocrx_word' id='word_1_192' title='bbox 705 3143 821 3226; x_wconf 87' lang='lat' dir='ltr'><strong>pagina</strong></span> <span class='ocrx_word' id='word_1_193' title='bbox 858 3143 1027 3222; x_wconf 78' lang='lat' dir='ltr'><strong>destinari,</strong></span> <span class='ocrx_word' id='word_1_194' title='bbox 1064 3161 1119 3224; x_wconf 91' lang='lat' dir='ltr'><strong>per</strong></span> <span class='ocrx_word' id='word_1_195' title='bbox 1158 3161 1237 3224; x_wconf 90' lang='lat' dir='ltr'><strong>quos</strong></span> 
     </span>
     <span class='ocr_line' id='line_1_26' title="bbox 72 3248 1240 3333; baseline 0.004 -26"><span class='ocrx_word' id='word_1_196' title='bbox 72 3250 216 3313; x_wconf 74' lang='lat' dir='ltr'><strong>seracula</strong></span> <span class='ocrx_word' id='word_1_197' title='bbox 257 3248 462 3314; x_wconf 88' lang='lat' dir='ltr'><strong>beatissimae</strong></span> <span class='ocrx_word' id='word_1_198' title='bbox 503 3250 717 3332; x_wconf 86' lang='lat' dir='ltr'><strong>responsionis</strong></span> <span class='ocrx_word' id='word_1_199' title='bbox 760 3269 941 3333; x_wconf 86' lang='lat' dir='ltr'><strong>agnoscam,</strong></span> <span class='ocrx_word' id='word_1_200' title='bbox 984 3254 1091 3314; x_wconf 90' lang='lat' dir='ltr'><strong>utrum</strong></span> <span class='ocrx_word' id='word_1_201' title='bbox 1132 3249 1240 3313; x_wconf 86' lang='lat' dir='ltr'><strong>feruor</strong></span> 
     </span>
     <span class='ocr_line' id='line_1_27' title="bbox 105 3353 1237 3439; baseline 0.004 -24"><span class='ocrx_word' id='word_1_202' title='bbox 105 3353 300 3420; x_wconf 88' lang='lat' dir='ltr'><strong>schismatum</strong></span> <span class='ocrx_word' id='word_1_203' title='bbox 350 3355 574 3439; x_wconf 86' lang='lat' dir='ltr'><strong>praefatorum,</strong></span> <span class='ocrx_word' id='word_1_204' title='bbox 626 3357 681 3438; x_wconf 89' lang='lat' dir='ltr'><strong>qui</strong></span> <span class='ocrx_word' id='word_1_205' title='bbox 726 3357 809 3420; x_wconf 89' lang='lat' dir='ltr'><strong>intra</strong></span> <span class='ocrx_word' id='word_1_206' title='bbox 856 3355 1237 3439; x_wconf 75' lang='lat' dir='ltr'><strong>constantinopolitanam</strong></span> 
     </span>
     <span class='ocr_line' id='line_1_28' title="bbox 104 3458 1238 3544; baseline 0.004 -25"><span class='ocrx_word' id='word_1_207' title='bbox 104 3458 199 3525; x_wconf 90' lang='lat' dir='ltr'><strong>urbem</strong></span> <span class='ocrx_word' id='word_1_208' title='bbox 226 3462 307 3526; x_wconf 90' lang='lat' dir='ltr'><strong>uitio</strong></span> <span class='ocrx_word' id='word_1_209' title='bbox 336 3461 531 3544; x_wconf 90' lang='lat' dir='ltr'><strong>perniciosae</strong></span> <span class='ocrx_word' id='word_1_210' title='bbox 562 3462 784 3527; x_wconf 88' lang='lat' dir='ltr'><strong>obstinationis</strong></span> <span class='ocrx_word' id='word_1_211' title='bbox 813 3466 971 3527; x_wconf 89' lang='lat' dir='ltr'><strong>exarserat</strong></span> <span class='ocrx_word' id='word_1_212' title='bbox 998 3462 1123 3543; x_wconf 88' lang='lat' dir='ltr'><strong>cuique,</strong></span> <span class='ocrx_word' id='word_1_213' title='bbox 1154 3460 1238 3543; x_wconf 90' lang='lat' dir='ltr'><strong>qood</strong></span> 
     </span>
     <span class='ocr_line' id='line_1_29' title="bbox 104 3565 1238 3648; baseline 0.005 -24"><span class='ocrx_word' id='word_1_214' title='bbox 104 3565 191 3648; x_wconf 88' lang='lat' dir='ltr'><strong>magis</strong></span> <span class='ocrx_word' id='word_1_215' title='bbox 215 3566 386 3632; x_wconf 89' lang='lat' dir='ltr'><strong>dolendum</strong></span> <span class='ocrx_word' id='word_1_216' title='bbox 410 3570 469 3645; x_wconf 85' lang='lat' dir='ltr'><strong>ast,</strong></span> <span class='ocrx_word' id='word_1_217' title='bbox 493 3567 735 3632; x_wconf 89' lang='lat' dir='ltr'><strong>Alexandrinam</strong></span> <span class='ocrx_word' id='word_1_218' title='bbox 760 3569 815 3632; x_wconf 94' lang='lat' dir='ltr'><strong>uel</strong></span> <span class='ocrx_word' id='word_1_219' title='bbox 832 3567 1062 3634; x_wconf 86' lang='lat' dir='ltr'><strong>Antiochenam</strong></span> <span class='ocrx_word' id='word_1_220' title='bbox 1087 3566 1238 3632; x_wconf 87' lang='lat' dir='ltr'><strong>ecelesias</strong></span> 
     </span>
     <span class='ocr_line' id='line_1_30' title="bbox 104 3667 1239 3757; baseline 0.005 -25"><span class='ocrx_word' id='word_1_221' title='bbox 104 3667 196 3737; x_wconf 88' lang='lat' dir='ltr'><strong>dicitis</strong></span> <span class='ocrx_word' id='word_1_222' title='bbox 217 3673 377 3757; x_wconf 82' lang='lat' dir='ltr'><strong>inligatas,</strong></span> <span class='ocrx_word' id='word_1_223' title='bbox 403 3672 495 3738; x_wconf 91' lang='lat' dir='ltr'><strong>uobis</strong></span> <span class='ocrx_word' id='word_1_224' title='bbox 521 3673 646 3740; x_wconf 83' lang='lat' dir='ltr'><strong>Christo</strong></span> <span class='ocrx_word' id='word_1_225' title='bbox 672 3673 798 3738; x_wconf 83' lang='lat' dir='ltr'><strong>fauente</strong></span> <span class='ocrx_word' id='word_1_226' title='bbox 823 3674 1010 3739; x_wconf 88' lang='lat' dir='ltr'><strong>docentibus</strong></span> <span class='ocrx_word' id='word_1_227' title='bbox 1030 3674 1125 3757; x_wconf 87' lang='lat' dir='ltr'><strong>digna</strong></span> <span class='ocrx_word' id='word_1_228' title='bbox 1143 3673 1239 3738; x_wconf 86' lang='lat' dir='ltr'><strong>fuerit</strong></span> 
     </span>
    </p>
   </div>
   <div class='ocr_carea' id='block_1_3' title="bbox 29 3865 1242 4453">
    <p class='ocr_par' dir='ltr' id='par_1_3' title="bbox 29 3865 1242 4453">
     <span class='ocr_line' id='line_1_31' title="bbox 133 3865 1237 3933; baseline 0.003 -18"><span class='ocrx_word' id='word_1_229' title='bbox 133 3865 341 3922; x_wconf 85' lang='lat' dir='ltr'><strong>ladortecionis</strong></span> <span class='ocrx_word' id='word_1_230' title='bbox 364 3865 391 3919; x_wconf 89' lang='lat' dir='ltr'><em>V</em></span> <span class='ocrx_word' id='word_1_231' title='bbox 444 3866 647 3920; x_wconf 86' lang='lat' dir='ltr'><strong>uieneuscmV</strong></span> <span class='ocrx_word' id='word_1_232' title='bbox 701 3866 860 3920; x_wconf 87' lang='lat' dir='ltr'><strong>3uisitasti</strong></span> <span class='ocrx_word' id='word_1_233' title='bbox 883 3865 914 3929; x_wconf 86' lang='lat' dir='ltr'><strong>V,</strong></span> <span class='ocrx_word' id='word_1_234' title='bbox 934 3881 1002 3919; x_wconf 78' lang='lat' dir='ltr'><strong>corr.</strong></span> <span class='ocrx_word' id='word_1_235' title='bbox 1023 3865 1092 3918; x_wconf 87' lang='lat' dir='ltr'><strong>Bar.</strong></span> <span class='ocrx_word' id='word_1_236' title='bbox 1155 3880 1237 3933; x_wconf 86' lang='lat' dir='ltr'><strong>quae·</strong></span> 
     </span>
     <span class='ocr_line' id='line_1_32' title="bbox 29 3952 1236 4026; baseline 0.001 -22"><span class='ocrx_word' id='word_1_237' title='bbox 29 3973 30 4018; x_wconf 64' lang='lat' dir='ltr'><strong>r</strong></span> <span class='ocrx_word' id='word_1_238' title='bbox 103 3966 145 4017; x_wconf 89' lang='lat' dir='ltr'><strong>que</strong></span> <span class='ocrx_word' id='word_1_239' title='bbox 167 3954 201 4008; x_wconf 90' lang='lat' dir='ltr'><strong>V:</strong></span> <span class='ocrx_word' id='word_1_240' title='bbox 218 3974 286 4026; x_wconf 86' lang='lat' dir='ltr'><strong>qnae</strong></span> <span class='ocrx_word' id='word_1_241' title='bbox 305 3957 375 4009; x_wconf 86' lang='lat' dir='ltr'><strong>Bar.</strong></span> <span class='ocrx_word' id='word_1_242' title='bbox 441 3955 630 4025; x_wconf 86' lang='lat' dir='ltr'><strong>5pleuiasime</strong></span> <span class='ocrx_word' id='word_1_243' title='bbox 656 3954 680 4006; x_wconf 92' lang='lat' dir='ltr'><em>V</em></span> <span class='ocrx_word' id='word_1_244' title='bbox 742 3955 806 4009; x_wconf 82' lang='lat' dir='ltr'><strong>eid</strong></span> <span class='ocrx_word' id='word_1_245' title='bbox 826 3956 878 4023; x_wconf 88' lang='lat' dir='ltr'><strong>est]</strong></span> <span class='ocrx_word' id='word_1_246' title='bbox 899 3955 927 4008; x_wconf 89' lang='lat' dir='ltr'><strong>id</strong></span> <span class='ocrx_word' id='word_1_247' title='bbox 950 3953 977 4006; x_wconf 95' lang='lat' dir='ltr'><em>V</em></span> <span class='ocrx_word' id='word_1_248' title='bbox 1042 3954 1181 4022; x_wconf 74' lang='lat' dir='ltr'><strong>&#39;laquicie</strong></span> <span class='ocrx_word' id='word_1_249' title='bbox 1205 3952 1236 4012; x_wconf 84' lang='lat' dir='ltr'><strong>V.</strong></span> 
     </span>
     <span class='ocr_line' id='line_1_33' title="bbox 29 4041 1237 4112; baseline 0.001 -20"><span class='ocrx_word' id='word_1_250' title='bbox 29 4075 30 4078; x_wconf 53' lang='lat'><em>=</em></span> <span class='ocrx_word' id='word_1_251' title='bbox 101 4043 523 4099; x_wconf 74' lang='lat' dir='ltr'><strong>corr.sarm.².·xhraciae13ar.</strong></span> <span class='ocrx_word' id='word_1_252' title='bbox 633 4044 762 4112; x_wconf 87' lang='lat' dir='ltr'><strong>gaudium</strong></span> <span class='ocrx_word' id='word_1_253' title='bbox 786 4044 818 4103; x_wconf 83' lang='lat' dir='ltr'><strong>V.</strong></span> <span class='ocrx_word' id='word_1_254' title='bbox 838 4059 907 4098; x_wconf 85' lang='lat' dir='ltr'><strong>corr.</strong></span> <span class='ocrx_word' id='word_1_255' title='bbox 926 4041 1036 4096; x_wconf 80' lang='lat' dir='ltr'><strong>Sirm.²:</strong></span> <span class='ocrx_word' id='word_1_256' title='bbox 1056 4041 1149 4111; x_wconf 86' lang='lat' dir='ltr'><strong>gaudii</strong></span> <span class='ocrx_word' id='word_1_257' title='bbox 1166 4042 1237 4094; x_wconf 86' lang='lat' dir='ltr'><strong>Bar.</strong></span> 
     </span>
     <span class='ocr_line' id='line_1_34' title="bbox 29 4125 1242 4201; baseline 0.002 -21"><span class='ocrx_word' id='word_1_258' title='bbox 29 4127 30 4154; x_wconf 81' lang='lat'>³</span> <span class='ocrx_word' id='word_1_259' title='bbox 102 4125 236 4185; x_wconf 85' lang='lat' dir='ltr'><strong>9nestorii</strong></span> <span class='ocrx_word' id='word_1_260' title='bbox 256 4131 357 4201; x_wconf 87' lang='lat' dir='ltr'><strong>queV</strong></span> <span class='ocrx_word' id='word_1_261' title='bbox 448 4131 480 4184; x_wconf 81' lang='lat'><strong>17</strong></span> <span class='ocrx_word' id='word_1_262' title='bbox 500 4135 594 4184; x_wconf 84' lang='lat' dir='ltr'><strong>secuta</strong></span> <span class='ocrx_word' id='word_1_263' title='bbox 617 4131 654 4184; x_wconf 87' lang='lat' dir='ltr'><strong>V:</strong></span> <span class='ocrx_word' id='word_1_264' title='bbox 673 4148 767 4186; x_wconf 86' lang='lat' dir='ltr'><strong>secura</strong></span> <span class='ocrx_word' id='word_1_265' title='bbox 784 4131 862 4187; x_wconf 78' lang='lat' dir='ltr'><strong>Edit.</strong></span> <span class='ocrx_word' id='word_1_266' title='bbox 881 4146 934 4199; x_wconf 75' lang='lat' dir='ltr'><strong>rep.</strong></span> <span class='ocrx_word' id='word_1_267' title='bbox 1019 4129 1051 4182; x_wconf 88' lang='lat'><strong>18</strong></span> <span class='ocrx_word' id='word_1_268' title='bbox 1071 4129 1192 4183; x_wconf 90' lang='lat' dir='ltr'><strong>scileuoii</strong></span> <span class='ocrx_word' id='word_1_269' title='bbox 1215 4127 1242 4182; x_wconf 84' lang='lat' dir='ltr'><em>V</em></span> 
     </span>
     <span class='ocr_line' id='line_1_35' title="bbox 102 4215 1237 4276; baseline 0.004 -11"><span class='ocrx_word' id='word_1_270' title='bbox 102 4215 131 4268; x_wconf 79' lang='grc'><strong>’20</strong></span> <span class='ocrx_word' id='word_1_271' title='bbox 147 4219 293 4274; x_wconf 68' lang='lat' dir='ltr'><strong>sciothero&gt;</strong></span> <span class='ocrx_word' id='word_1_272' title='bbox 308 4219 373 4276; x_wconf 81' lang='lat' dir='ltr'><strong>Gar.</strong></span> <span class='ocrx_word' id='word_1_273' title='bbox 455 4221 487 4273; x_wconf 83' lang='lat'><strong>21</strong></span> <span class='ocrx_word' id='word_1_274' title='bbox 509 4221 622 4274; x_wconf 86' lang='lat' dir='ltr'><strong>alecium</strong></span> <span class='ocrx_word' id='word_1_275' title='bbox 646 4221 683 4274; x_wconf 91' lang='lat' dir='ltr'><strong>V:</strong></span> <span class='ocrx_word' id='word_1_276' title='bbox 702 4220 819 4274; x_wconf 87' lang='lat' dir='ltr'><strong>alexium</strong></span> <span class='ocrx_word' id='word_1_277' title='bbox 837 4221 882 4274; x_wconf 80' lang='lat' dir='ltr'><strong>hic</strong></span> <span class='ocrx_word' id='word_1_278' title='bbox 901 4226 926 4274; x_wconf 85' lang='lat' dir='ltr'><strong>et</strong></span> <span class='ocrx_word' id='word_1_279' title='bbox 945 4219 1047 4272; x_wconf 84' lang='lat' dir='ltr'><strong>alibo&#39;c</strong></span> <span class='ocrx_word' id='word_1_280' title='bbox 1133 4218 1168 4270; x_wconf 87' lang='grc'><strong>26</strong></span> <span class='ocrx_word' id='word_1_281' title='bbox 1186 4217 1237 4270; x_wconf 87' lang='lat' dir='ltr'><strong>sis-</strong></span> 
     </span>
     <span class='ocr_line' id='line_1_36' title="bbox 102 4307 1237 4378; baseline 0.002 -23"><span class='ocrx_word' id='word_1_282' title='bbox 102 4311 191 4361; x_wconf 87' lang='lat' dir='ltr'><strong>matum</strong></span> <span class='ocrx_word' id='word_1_283' title='bbox 214 4308 240 4361; x_wconf 93' lang='lat' dir='ltr'><em>V</em></span> <span class='ocrx_word' id='word_1_284' title='bbox 327 4309 709 4378; x_wconf 83' lang='lat' dir='ltr'><strong>constantinopollitananaV</strong></span> <span class='ocrx_word' id='word_1_285' title='bbox 783 4311 815 4362; x_wconf 76' lang='lat'><strong>27</strong></span> <span class='ocrx_word' id='word_1_286' title='bbox 837 4312 989 4363; x_wconf 85' lang='lat' dir='ltr'><strong>exarscerat</strong></span> <span class='ocrx_word' id='word_1_287' title='bbox 1013 4307 1036 4358; x_wconf 90' lang='lat' dir='ltr'><strong>l&#39;</strong></span> <span class='ocrx_word' id='word_1_288' title='bbox 1107 4307 1141 4360; x_wconf 81' lang='grc'><strong>28</strong></span> <span class='ocrx_word' id='word_1_289' title='bbox 1161 4309 1237 4360; x_wconf 88' lang='lat' dir='ltr'><strong>antc-</strong></span> 
     </span>
     <span class='ocr_line' id='line_1_37' title="bbox 102 4392 886 4453; baseline 0.009 -10"><span class='ocrx_word' id='word_1_290' title='bbox 102 4392 217 4450; x_wconf 86' lang='lat' dir='ltr'><strong>ochenom</strong></span> <span class='ocrx_word' id='word_1_291' title='bbox 241 4397 266 4450; x_wconf 88' lang='lat' dir='ltr'><em>V</em></span> <span class='ocrx_word' id='word_1_292' title='bbox 318 4398 353 4452; x_wconf 83' lang='lat'><strong>29</strong></span> <span class='ocrx_word' id='word_1_293' title='bbox 374 4397 534 4452; x_wconf 87' lang='lat' dir='ltr'><strong>docentibus</strong></span> <span class='ocrx_word' id='word_1_294' title='bbox 553 4397 662 4453; x_wconf 77' lang='lat' dir='ltr'><strong>Strrn.²:</strong></span> <span class='ocrx_word' id='word_1_295' title='bbox 683 4397 836 4452; x_wconf 85' lang='lat' dir='ltr'><strong>dicentibus</strong></span> <span class='ocrx_word' id='word_1_296' title='bbox 860 4397 886 4450; x_wconf 92' lang='lat' dir='ltr'><em>V</em></span> 
     </span>
    </p>
   </div>
   <div class='ocr_carea' id='block_1_4' title="bbox 1130 4503 1165 4554">
    <p class='ocr_par' dir='ltr' id='par_1_4' title="bbox 1130 4503 1165 4554">
     <span class='ocr_line' id='line_1_38' title="bbox 1130 4503 1165 4554; baseline -0.029 0"><span class='ocrx_word' id='word_1_297' title='bbox 1130 4503 1165 4554; x_wconf 80' lang='lat'><strong>36</strong></span> 
     </span>
    </p>
   </div>
   <div class='ocr_carea' id='block_1_5' title="bbox 0 0 1518 4975">
    <p class='ocr_par' dir='ltr' id='par_1_5' title="bbox 0 0 1518 4975">
     <span class='ocr_line' id='line_1_39' title="bbox 0 0 1518 4975; baseline 0 2"><span class='ocrx_word' id='word_1_298' title='bbox 0 0 1518 4975; x_wconf 95' lang='lat' dir='ltr'><strong> </strong></span> 
     </span>
    </p>
   </div>
  </div>
 </body>
</html>
