3025 4975
219 474 283 539 528
551 470 695 535 Hormisda
714 468 816 540 synodo
834 469 911 540 Epiri
928 469 1031 523 ueteris

219 667 402 733 efficiamini
426 685 511 731 arma
533 666 788 750 inexpugnabilia
812 664 1112 731 commonitionibus
1135 664 1254 730 nestris
1274 670 1373 747 atque

216 774 368 841 doctrinis
402 777 433 839 et
464 774 667 863 precantibus
699 773 792 838 nobis
824 772 984 837 inclinetis
1017 790 1126 836 aurem
1157 773 1190 835 et
1216 772 1371 855 pietatem

216 879 400 946 concordiae
428 880 592 962 reperiatis
621 880 708 944 iuxta
730 879 919 962 inspiratam
943 878 1037 943 uobis
1061 878 1217 943 diuinitus
1242 881 1371 962 aposto-

214 988 309 1053 licam
333 985 576 1069 prouidentiam,
601 988 638 1051 ut
661 986 692 1050 in
717 1005 805 1068 pace,
830 1003 910 1067 quae
935 990 985 1056 est
1008 986 1036 1049 ei
1056 985 1213 1062 amabilis,
1234 990 1370 1050 cunetae

216 1093 435 1159 sanctissimae
451 1093 604 1157 ecclesiae
621 1095 786 1175 coaptatae
801 1091 1087 1156 inmarcescibilem
1106 1092 1199 1157 uobis
1219 1110 1370 1156 coronam
1404 1116 1419 1154 a

215 1202 377 1266 nectentes
404 1201 435 1265 in
465 1200 550 1265 ornni
578 1200 696 1283 pietate
725 1204 821 1281 atque
850 1200 1032 1264 humilitate
1060 1200 1370 1282 comprehendantur

172 1305 192 1368 6
215 1308 248 1371 in
273 1307 409 1372 Christo.
432 1307 645 1372 uenerabilem
670 1326 745 1371 uero
770 1307 938 1372 diaconum
960 1308 1111 1371 Rufinum
1134 1308 1262 1390 propter
1284 1307 1368 1373 hanc

216 1418 281 1479 tam
310 1414 520 1479 necessariam
551 1432 680 1479 carosam
710 1414 865 1479 directum
892 1414 1029 1478 libenter
1054 1414 1158 1499 rogati
1191 1414 1367 1497 conspicite

217 1524 249 1585 et
273 1522 312 1585 ad
335 1539 391 1585 nos
416 1520 475 1585 sub
499 1521 669 1585 uelocitate
692 1520 845 1585 remittite
863 1523 1042 1604 portantem
1062 1520 1220 1586 doctrinas
1239 1523 1367 1585 uestras

217 1628 419 1709 apostolicas.
1389 1650 1419 1688 ro

174 1730 191 1793 7
261 1754 300 1797 sn
319 1753 396 1797 nrm
413 1753 516 1797 mnu:
534 1733 727 1798 incolomem
746 1752 798 1797 me
817 1751 880 1810 ora,
900 1733 1100 1798 sanctissime
1118 1736 1208 1815 pater
1225 1735 1365 1816 patrum.

218 1859 277 1925 ego
301 1842 455 1905 Iohannes
479 1840 647 1922 episcopus
671 1840 811 1905 llnroeas
835 1840 940 1905 retuli.

261 1946 453 2011 incolomem
485 1966 536 2011 me
570 1966 622 2012 ora
653 1947 685 2011 in
719 1946 857 2024 domino,
885 1946 1086 2011 sanctissime
1113 1964 1149 2009 ac
1176 1946 1365 2011 beatissime

216 2057 305 2137 pater·
328 2056 463 2135 patrum.
490 2071 548 2137 ego
571 2052 755 2117 Matthaeus
779 2052 949 2135 episcopus
972 2052 1112 2116 Butroiti
1134 2054 1239 2118 retuli.

261 2160 372 2242 (ligo)
401 2157 628 2225 Constantinus
656 2159 825 2241 episcopus
849 2158 1120 2241 Hadrianopoleos
1142 2160 1247 2226 retuli.
1388 2183 1417 2221 aa

260 2266 453 2331 Incolomem
485 2284 536 2329 me
571 2266 601 2329 in
635 2266 762 2331 domiuo
792 2286 855 2340 ora,
884 2266 1083 2331 sanctissime
1112 2286 1148 2331 ac
1174 2267 1363 2333 beatissime

216 2377 306 2455 pater
327 2374 462 2455 patrum.
487 2390 545 2456 ego
570 2370 795 2437 christodorus
820 2372 988 2456 episcopus
1011 2373 1185 2439 Anciasmu
1208 2375 1315 2444 retuli.

262 2480 329 2564 Ego
353 2478 495 2544 Hilarius
519 2478 686 2561 episeopus
709 2478 837 2543 Fotices
859 2479 964 2544 retuli.

260 2586 328 2670 Ego
351 2585 520 2669 Philippus
544 2587 712 2669 episcopus
737 2585 910 2651 Phoenices
934 2587 1040 2651 retuli.

261 2693 327 2776 Ego
350 2692 493 2757 Iulianus
517 2693 685 2776 episcopus
710 2676 858 2758 Dodones
882 2694 988 2758 retuli.

261 2799 328 2882 Ego
353 2799 549 2882 Chrysippus
573 2800 740 2883 episcopus
765 2800 913 2884 Cercyres
936 2801 1041 2866 retuli.

253 3094 269 3148 3
297 3093 456 3162 repperistis
489 3093 515 3146 V
637 3093 655 3146 4
683 3092 719 3162 ei]
748 3092 850 3147 addicet
878 3092 938 3157 deo,
965 3092 1039 3162 quod
1065 3109 1099 3148 ea
1135 3093 1266 3148 diuinitus
1297 3095 1364 3149 aab·

212 3181 346 3251 plaudam
418 3181 548 3235 amabiles
571 3181 602 3245 V,
622 3197 689 3236 corr.
710 3201 723 3233 o
815 3185 831 3236 5
851 3186 977 3253 cooptato
1000 3181 1032 3245 V,
1052 3183 1171 3237 correxi:
1190 3187 1317 3255 coaptate
1336 3183 1369 3236 ο2

217 3269 454 3324 inmarcessibilem
474 3286 507 3324 ex
523 3269 748 3324 inmarcessibiles
767 3286 835 3326 corr.
855 3271 881 3324 V
932 3272 948 3324 6
968 3271 1224 3342 comprehendamur
1242 3271 1274 3337 V,
1293 3288 1364 3329 corr.

217 3359 287 3412 Bar.
344 3360 374 3412 ll
396 3363 420 3412 et
441 3359 474 3412 14
492 3362 598 3427 patrum
618 3376 650 3412 ecc
668 3375 762 3428 parum
781 3375 850 3413 corr.
875 3359 990 3413 Vmcu.
1008 3376 1059 3414 rec.
1116 3362 1149 3414 12
1168 3362 1287 3415 Enroeae
1307 3364 1369 3430 (uel

217 3447 325 3514 Eurins)
349 3447 447 3515 scripsi
472 3449 518 3514 (cs.
542 3447 672 3516 Beitrdpe
695 3451 738 3513 ⁸1:
763 3464 854 3500 eureos
878 3448 910 3510 V,
932 3465 1024 3502 rursus
1045 3448 1109 3502 Car.
1201 3450 1234 3504 13
1253 3449 1307 3504 duo
1331 3451 1368 3516 V,

218 3553 286 3590 corr.
306 3553 379 3590 maa.
398 3552 449 3590 rec.
520 3537 553 3590 14
572 3536 696 3590 matheus
720 3536 746 3588 V
809 3536 841 3589 15
861 3553 911 3606 ego
929 3538 1046 3591 imeruit
1064 3537 1134 3591 Bar.
1224 3538 1365 3592 hacnano-

218 3625 310 3694 poleos
330 3625 360 3688 V,
376 3641 444 3679 corr.
461 3625 530 3678 Bar.
571 3626 602 3678 17
617 3625 958 3679 AnchiesmiHordutnus
997 3626 1028 3679 18
1043 3626 1148 3679 illarius
1167 3626 1193 3680 V
1227 3628 1261 3682 19
1274 3627 1367 3682 Phoe-

218 3714 292 3766 nicee
310 3712 494 3767 Bardaicus:
514 3713 680 3783 photicensis
705 3713 730 3766 V
783 3715 815 3767 21
837 3714 970 3783 erisippus
994 3714 1020 3766 V
