3025 4975
238 442 302 507 656
465 437 544 493 Celer
561 437 734 503 Hormisdae3
753 437 860 491 Iuliana
878 436 973 491 Anicia
991 436 1150 491 Hormisdae

238 634 405 699 diuturnos
428 633 560 698 lenitate
585 633 816 714 clementiaque
840 632 989 697 conuenit
1017 631 1185 709 emendari,
1214 631 1385 714 praecipue

238 741 313 823 quia
344 744 469 805 uestrae
501 739 707 804 beatitudinis
740 757 958 821 praecessores
992 739 1178 820 saepissime
1212 740 1386 803 uoluemnt

237 849 282 912 rei
300 848 447 929 publicae
465 849 591 911 nostrae
606 846 765 910 antistites
786 845 824 909 ad
844 864 934 909 suam
953 864 1101 911 reuocare
1118 846 1383 921 communionem,

238 956 266 1020 si
288 954 509 1019 tautummodo
532 956 690 1017 taceretur
712 952 848 1017 Aeacius
873 952 1031 1033 ceterique
1054 952 1218 1037 praedicti.
1247 972 1308 1017 uon
1333 956 1385 1017 est

190 1058 212 1120 6
238 1081 312 1145 ergo
336 1080 444 1144 graue,
465 1060 551 1142 quod
569 1061 673 1124 suasit
691 1062 798 1124 111111
817 1058 919 1137 sedes,
936 1062 972 1123 ut
990 1063 1138 1143 praestet.
1187 1060 1266 1123 illud
1286 1059 1381 1123 etiam
1414 1081 1427 1120 s

236 1168 339 1252 magis
363 1167 529 1250 magisque
553 1167 766 1249 deposcimus,
790 1168 828 1229 ut
850 1168 906 1230 tna
929 1166 1080 1231 sanctitas
1105 1168 1258 1247 concepta
1280 1165 1384 1249 gratia

237 1275 377 1349 caelesti,
392 1292 473 1356 quae
488 1273 699 1355 praetendunt
713 1272 889 1337 Orientales
909 1273 1060 1356 episcopi,
1081 1276 1215 1336 tractare
1234 1272 1385 1355 dignetur

236 1399 409 1461 eorumque
423 1373 497 1443 fidei
516 1381 747 1462 competentem
766 1380 915 1460 praebere
935 1397 1135 1443 consensum.
1154 1378 1245 1442 nobis
1265 1379 1384 1443 etenim

236 1487 374 1563 uidetur,
399 1486 546 1567 quoniam
570 1484 655 1548 fflius
675 1484 726 1548 dci
744 1485 814 1549 uiui
833 1484 978 1549 dominus
998 1486 1105 1549 noster
1123 1484 1214 1548 lesus
1235 1483 1384 1549 Christus

237 1613 273 1658 er
296 1593 420 1677 uirgine
443 1592 671 1669 Mansuetus,
696 1611 789 1672 quem
812 1592 974 1673 praedicat
997 1610 1143 1656 summus
1164 1592 1385 1671 apostolorum
1404 1616 1428 1655 ro

236 1719 328 1765 carne
350 1718 491 1782 passum,
516 1702 600 1762 recte
625 1698 741 1762 dicitur
759 1718 841 1762 111111
865 1698 895 1761 11
921 1698 1061 1763 trinitate
1086 1717 1159 1762 cum
1183 1700 1271 1781 patre
1291 1698 1384 1779 spiri·
1504 1694 1505 1703 ²

235 1811 334 1888 tuque
367 1810 476 1871 sancto
508 1825 648 1889 regnare.
682 1805 768 1869 sicut
796 1806 879 1869 enim
907 1805 1035 1869 uidetur
1063 1805 1249 1889 ambiguum
1279 1805 1384 1867 dicere

236 1913 426 1996 simpliciter
453 1914 561 1993 ‘upum
585 1912 623 1975 de
647 1912 801 1976 trinitate'
828 1930 889 1975 nou
913 1911 1086 1994 praemisso
1111 1912 1238 1976 nomine
1262 1910 1385 1975 domiui

234 2020 335 2085 nostri
358 2020 431 2084 lesu
457 2019 586 2098 Christi,
611 2018 658 2083 sic
682 2018 751 2083 eius
775 2036 941 2101 personam
964 2019 996 2082 in
1020 2018 1160 2083 trinitate
1185 2038 1256 2082 cum
1280 2018 1383 2099 patris
1504 2080 1505 2083 ,

235 2126 431 2209 spiritusque
455 2126 558 2190 sancti
585 2126 729 2207 personis
753 2144 823 2189 esse
852 2144 912 2189 111
941 2124 1135 2192 dubitamus.
1166 2126 1232 2189 sinc
1262 2123 1428 2189 Christis

234 2252 369 2315 namque
393 2252 527 2315 persona
549 2251 606 2297 nec
630 2232 714 2296 credi
736 2232 862 2297 trinitas
884 2232 1033 2316 religiose
1057 2236 1164 2314 potest
1181 2250 1239 2296 nec
1259 2230 1383 2295 adorari

234 2338 379 2414 fideliter,
404 2337 671 2420 quemadmodum
699 2342 830 2403 sanctus
857 2338 1058 2423 Augustinus
1083 2339 1143 2403 ait:
1173 2358 1216 2403 an
1242 2338 1384 2420 aliqua

235 2445 954 2528 111111111111111111,1111111111
987 2446 1101 2512 solus
1125 2445 1164 2510 in
1187 2445 1382 2510 trinitate

189 2550 209 2612 7
235 2571 383 2633 corpus
408 2552 580 2634 accepit,
602 2556 634 2616 et
651 2553 785 2616 iterum:
811 2572 912 2618 unus
931 2554 1065 2621 trium.
1112 2571 1262 2636 rogamus
1280 2553 1383 2636 igitur

232 2659 490 2723 reuerentissime
518 2661 706 2736 salutantes,
735 2663 773 2724 ut
799 2659 899 2724 futuri
928 2659 1038 2726 iudicii
1065 2679 1222 2725 memores
1251 2677 1427 2724 causamn

233 2765 340 2829 taliter
363 2764 526 2843 ordinetis,
551 2783 589 2828 ne
614 2765 690 2847 quid
714 2766 921 2831 dubitationis
940 2767 1136 2848 relinquatur
1153 2766 1185 2830 in
1205 2767 1381 2848 posterum,

236 2875 392 2952 quatenus
408 2871 492 2935 omni
511 2872 661 2954 scrupulo
681 2871 909 2937 discordiarum
930 2874 1055 2938 sublato
1075 2873 1162 2955 pacis
1184 2872 1382 2936 desideratae

234 2996 291 3060 per
314 2977 422 3042 orbern
446 2981 550 3042 totum
572 2978 702 3042 uincula
724 2983 916 3044 renouentur
939 2983 971 3044 et
994 2979 1241 3046 uenerandarum
1271 2979 1383 3044 floreat

235 3083 441 3148 ecclesiarum
465 3084 632 3149 concordia
660 3086 863 3167 corporisque
892 3088 987 3151 eunius
1010 3087 1041 3150 iu
1071 3086 1231 3170 proprium
1260 3089 1381 3150 statum
1504 3167 1505 3182 1

231 3191 374 3255 membra
404 3192 638 3275 recolligantur.
672 3192 727 3256 ille
764 3213 899 3276 namque
936 3195 1078 3259 medicus
1116 3195 1184 3258 iure
1221 3193 1380 3268 laudatur.
1400 3219 1429 3260 sa

237 3298 292 3380 qni
314 3301 439 3363 ueteres
464 3299 679 3382 aegritudines
703 3299 748 3363 ita
773 3318 880 3364 sanare
906 3301 1100 3383 deproperat,
1120 3305 1212 3366 11111
1232 3301 1277 3364 eis
1297 3319 1382 3364 unua
1504 3305 1505 3314 ³

233 3404 365 3469 uulnera
405 3424 467 3470 non
510 3408 691 3472 nascantur.
734 3405 917 3486 specialiter
953 3425 1027 3490 ergo
1067 3409 1237 3492 cognoscat
1274 3415 1381 3474 uester
1504 3421 1505 3494 1

232 3510 429 3593 apostolatus
468 3511 653 3593 compositis
696 3512 815 3576 eisdem
857 3513 981 3579 duobus
1023 3514 1171 3594 capitulis
1213 3505 1378 3582 uniuersos

232 3617 413 3681 sacerdotes
455 3618 549 3681 istius
591 3618 637 3681 rei
678 3619 824 3700 publicae
872 3621 1006 3684 libenter
1048 3621 1194 3702 amplecti
1236 3627 1376 3686 nostram
1504 3605 1505 3684 i

232 3723 497 3788 communionem.
521 3724 661 3806 Accepta
679 3724 748 3789 XV.
769 3724 841 3789 Kal.
868 3724 995 3792 Octobr.
1020 3727 1164 3792 Rusticio
1185 3746 1216 3792 u.
1238 3749 1265 3792 c.
1290 3748 1375 3795 cons.
1397 3755 1427 3794 an

319 3897 545 3951 4111111111
567 3898 594 3951 l‘I
617 3916 703 3969 papae
727 3917 768 3968 ep.
790 3899 801 3952 l
824 3899 914 3961 (Thiel
938 3917 963 3970 p.
986 3902 1177 3972 cllcap.111r
1254 3905 1288 3958 10
1303 3905 1374 3958 Petr.

229 3985 318 4051 14‚1
400 3986 432 4039 17
451 3988 567 4056 August.
588 3987 621 4041 de
639 3989 726 4043 trinit.
744 3989 773 4041 Π
794 3989 826 4042 16
884 3990 916 4043 18
937 3991 1075 4058 August?
1133 3993 1164 4045 19
1184 3989 1373 4061 1111111111-

230 4074 324 4128 chirid.
346 4075 379 4127 de
398 4074 451 4128 fide
470 4092 493 4129 c.
513 4077 545 4129 12

266 4165 280 4216 7
301 4180 369 4231 quae
394 4163 431 4218 V.-
450 4164 523 4232 quod
544 4165 622 4219 Thiel
694 4165 711 4220 8
731 4170 885 4235 competens
909 4165 939 4228 V.
960 4183 1027 4221 corr.
1048 4166 1074 4218 0²
1148 4171 1181 4223 14
1204 4187 1321 4240 persona
1344 4173 1371 4229 V.

229 4269 331 4308 corae
405 4254 439 4307 24
457 4255 596 4324 proprium
620 4255 656 4308 V:
674 4257 818 4324 pristinum
837 4259 907 4310 Bor.
995 4259 1195 4312 arcacensem
1219 4259 1250 4324 V,
1271 4263 1371 4316 ccrrz'c

228 4343 400 4396 2911111111
423 4342 486 4397 Car.
542 4342 776 4398 3111111111
