3025 4975
548 473 633 542 Epist.
653 471 738 527 cxvr
755 474 853 527 4-1-2.
1209 477 1274 540 515

135 668 167 733 ed
185 668 382 734 Uitalianum
406 668 552 741 directas,
578 668 624 732 sic
646 667 900 749 respondendnm
932 671 982 733 est
1004 672 1074 733 ‘nou
1099 669 1158 733 hoc
1182 669 1274 733 nohis

133 779 218 861 puter
237 780 346 840 uester
371 779 499 839 sanetus
523 794 605 857 pepe
633 774 795 855 praecepit
821 792 878 838 nec
907 775 974 838 sine
1002 775 1144 840 iussione
1171 776 1273 857 ipsius

134 882 245 966 aliquid
270 901 443 965 possumus
463 882 580 955 laneum
606 884 710 945 tamen
734 885 772 946 ut
794 880 903 945 sciatis
927 881 1166 963 simplicitatem
1188 882 1274 948 litte·

135 1009 242 1061 murm,
268 990 343 1071 quie
366 989 412 1053 nil
436 988 523 1053 eliud
547 988 665 1052 hebent
688 988 749 1051 nisi
772 1006 882 1069 preces
905 987 944 1051 nd
962 990 1115 1069 pietatem
1132 992 1273 1053 nestram

108 1120 118 1160 e
135 1096 274 1170 directae,
298 1099 335 1159 ut
359 1094 608 1159 adcommodetis
633 1094 773 1158 animum
795 1100 939 1158 uestrum
959 1113 1015 1177 pro
1035 1095 1155 1159 unitate
1175 1096 1273 1159 eccle·

133 1202 202 1276 sice,
233 1202 359 1284 iungite
391 1202 557 1267 uobiscum
591 1219 770 1283 personam,
801 1219 864 1281 que
895 1205 1061 1283 praesente
1093 1202 1228 1266 traditae
1254 1222 1274 1266 e

132 1310 216 1373 nohis
248 1308 376 1373 litterae
408 1307 608 1390 relegentur'.
651 1308 677 1371 si
710 1326 786 1371 nero
820 1306 933 1370 dixerit
957 1307 1130 1388 imperator
1156 1327 1209 1372 ess
1238 1327 1272 1371 se

132 1416 237 1480 debere
265 1415 416 1497 relegere,
445 1413 616 1496 respondes
645 1414 708 1477 inm
735 1416 767 1477 te
796 1414 997 1496 suggessisse
1024 1414 1149 1479 iussum
1171 1413 1274 1477 tibia

132 1526 233 1587 saneto
257 1541 339 1605 pepe
363 1540 424 1585 nou
448 1520 559 1585 fuisse.
624 1520 652 1585 si
676 1520 789 1584 dixerit
811 1521 882 1584 ‘hoc
904 1524 1029 1585 tautum
1054 1521 1217 1603 estquod
1240 1522 1271 1585 in
1304 1527 1324 1591 9

98 1629 241 1693 ulitteris
272 1628 466 1699 contimtum
501 1628 637 1709 possunt
665 1626 747 1689 enim
777 1630 810 1689 et
836 1626 994 1690 mandatis
1023 1626 1085 1691 elin
1113 1627 1271 1699 nuntiari‘,

131 1740 200 1800 tuuc
224 1735 396 1818 respondes
422 1734 516 1798 ‘absit
534 1752 552 1797 e
571 1732 766 1797 conscientia
784 1736 907 1798 nostra!
932 1734 1022 1798 nobis
1049 1752 1109 1798 uon
1130 1740 1180 1798 est
1197 1735 1272 1799 telis

132 1840 341 1908 consuetudo:
371 1860 428 1905 nos
452 1858 507 1923 pro
533 1840 582 1903 dei
606 1857 702 1903 cause
725 1840 873 1903 uenimus
897 1840 983 1904 etin
1007 1840 1101 1904 deum
1125 1841 1272 1905 commis-

132 1948 190 2011 suri
225 1951 361 2011 sumus?
400 1948 533 2029 simplex
567 1948 616 2011 est
649 1946 749 2011 sancti
781 1965 882 2029 pepee
912 1946 1032 2029 legatio
1065 1952 1097 2011 et
1124 1948 1271 2012 omnibus

130 2058 200 2118 note
222 2054 294 2137 ipse
317 2054 386 2118 eius
410 2054 533 2137 petitio.
558 2052 645 2135 ipsae
670 2072 789 2135 preces,
813 2057 851 2117 ut
874 2055 1048 2118 constitute
1066 2060 1190 2137 patrum
1209 2075 1270 2120 nou
1300 2135 1304 2139 .

98 2186 116 2225 u
132 2164 379 2242 corrumpantur,
404 2163 441 2224 nt
463 2160 613 2223 haeretici
642 2158 679 2223 de
708 2159 852 2223 ecclesiis
880 2166 1113 2225 remouesntnr.
1149 2166 1272 2244 praeter

129 2268 187 2331 ists
209 2266 330 2351 legatio
354 2270 461 2331 nostre
484 2266 528 2329 nil
553 2267 713 2330 coutinet'.
771 2266 798 2330 si
822 2265 934 2331 dixerit
957 2267 1037 2330 ‘inde
1061 2270 1094 2331 et
1117 2267 1156 2330 ad
1179 2274 1323 2351 spuo-10

131 2374 200 2437 dum
228 2373 366 2437 inuitaui
395 2376 539 2436 sanctum
567 2392 692 2455 papam,
720 2376 758 2437 nt
786 2373 814 2437 si
842 2376 894 2437 est
921 2373 1040 2455 aliquid
1073 2374 1270 2459 ambignum,

130 2482 290 2546 tolleretur
314 2499 330 2544 c
353 2478 479 2555 medio’,
498 2478 751 2562 respondendum
784 2483 834 2544 est
856 2481 991 2565 ‘agimus
1016 2481 1073 2546 deo
1097 2482 1216 2566 gratias
1239 2488 1272 2548 et

130 2589 235 2669 pietati
268 2591 404 2661 uestrae,
437 2586 511 2667 quic
541 2587 625 2651 hunc
658 2605 716 2652 uos
750 2588 899 2652 affectum
927 2591 960 2651 et
987 2588 1126 2653 animum
1154 2589 1270 2654 hebere

17 2733 19 2746 ·
96 2717 116 2756 u
132 2694 360 2779 cognoscimus,
384 2696 420 2756 ut
444 2711 489 2770 ec,
514 2712 595 2775 qnae
620 2713 638 2757 e
660 2694 804 2775 patribus
828 2694 1004 2758 constitute
1031 2697 1115 2768 suunt,
1145 2715 1270 2778 genere-

131 2801 198 2865 litas
223 2803 339 2870 seruet,
365 2800 439 2880 quie
461 2803 537 2863 tunc
561 2819 637 2864 uero
660 2805 691 2864 et
716 2802 825 2864 sancta
848 2801 952 2864 unitas
975 2804 1083 2882 potest
1101 2820 1171 2864 esse
1189 2801 1271 2866 inter

132 2907 278 2973 ecelesias
308 2905 437 2982 Christi,
471 2907 498 2970 si
526 2925 585 2971 uos
614 2907 671 2971 deo
703 2907 834 2970 iuuante
867 2907 937 2982 hoc,
965 2889 1055 2990 'quod
1088 2907 1269 2972 decessores

130 3015 223 3079 uestri
241 3014 421 3078 Marcianus
443 3017 475 3079 et
492 3014 556 3079 Leo
576 3015 806 3090 custodierunt,
823 3013 943 3097 eligitis
963 3034 1032 3078 esse
1053 3015 1267 3078 seruandum’.

132 3121 155 3183 si
176 3122 229 3185 ille
253 3120 366 3184 dixerit
390 3123 432 3185 ‘et
456 3139 535 3203 quse
560 3124 634 3184 suut
666 3121 738 3197 iste,
764 3140 843 3203 quae
876 3120 1001 3198 dicist’,
1030 3121 1200 3203 respondes
1223 3123 1319 3193 ‘utll

94 3251 115 3288 e
131 3227 263 3307 synodus
283 3226 548 3293 Chalcedonensis
573 3231 605 3292 et
628 3226 784 3308 epistolae
807 3229 909 3292 sancti
927 3247 1026 3310 papae
1044 3227 1169 3303 Leonis,
1189 3246 1268 3309 quse

131 3333 260 3416 scriptae
284 3337 360 3398 suut
383 3338 491 3398 contre
514 3333 688 3398 haereticos
708 3333 893 3398 Nestorium
912 3339 945 3398 ot
961 3334 1127 3417 Eutychen
1155 3337 1188 3397 et
1213 3334 1267 3396 Di-

131 3456 280 3518 oscomm,
303 3440 486 3504 nullatenus
510 3439 770 3522 corrumpantur’.
826 3441 853 3503 si
882 3439 994 3504 dixerit
1017 3443 1083 3504 ‘nos
1112 3439 1265 3522 synodum
1281 3451 1319 3513 12

131 3543 410 3612 Chalcedoneneem
446 3549 477 3610 et
510 3546 661 3628 epistolas
693 3565 793 3629 pupae
824 3547 939 3611 Leonis
973 3551 1005 3611 et
1035 3546 1207 3629 recipimus
1236 3552 1268 3610 et

130 3651 286 3728 tenemus,
320 3671 379 3716 uos
411 3671 484 3718 mox
517 3653 635 3737 gratias
669 3653 754 3736 agite
783 3655 816 3717 et
841 3657 955 3735 pectus
984 3653 1051 3717 eius
1079 3652 1268 3728 osculamini

93 3782 115 3820 eo
130 3756 307 3823 clementiae
337 3759 480 3823 dicentes
509 3760 611 3824 ‘modo
638 3759 847 3843 cognouimns
872 3760 965 3824 deum
990 3760 1081 3824 nobis
1106 3780 1175 3825 esse
1198 3779 1267 3842 pro·

129 3862 248 3943 pitium,
277 3864 401 3946 quaudo
430 3871 589 3949 proestare
617 3867 694 3931 telis
722 3867 893 3938 festinetis,
922 3866 998 3950 quia
1023 3867 1085 3931 ista
1113 3871 1162 3931 est
1188 3866 1267 3930 fides

129 3970 287 4049 catholice,
320 3973 384 4036 iste
417 3978 475 4050 est,
508 3993 603 4056 quam
635 3972 898 4056 praedicanerunt
930 3975 1076 4056 apostoli,
1108 3975 1174 4039 sine
1206 3993 1269 4056 qna

159 4205 193 4258 23
213 4206 318 4278 elegilis
342 4207 375 4269 V.
393 4223 460 4264 corr.
481 4227 506 4279 p:
527 4210 664 4279 elegeritis
687 4209 750 4263 Cor.
792 4210 827 4262 26
847 4209 973 4263 eutichen
996 4209 1021 4260 V
1064 4211 1099 4263 28
1117 4210 1267 4279 recepimus

126 4290 191 4429 ξαν.
280 4299 314 4352 30
338 4298 497 4352 clementiae
521 4315 571 4353 om.
595 4300 665 4353 Bar.
758 4299 790 4352 31
816 4304 953 4368 praestare
971 4300 1083 4368 scripsi:
1108 4299 1218 4352 iestiare
1236 4299 1267 4363 V,

138 4395 210 4436 acere
230 4402 243 4434 o
