3025 4975
213 409 276 473 7⁸2ss
394 404 539 459 Hormisda
556 405 711 475 Epiphanio
731 405 857 486 episcopo
877 405 1178 474 Constantinopolitano

168 600 188 660 4
213 621 304 666 ouem
320 601 398 665 citra
413 600 531 664 laboris
547 599 729 664 exercitium
746 599 817 682 quis
834 605 982 664 meretur.
999 600 1082 664 unde
1097 621 1136 665 ne
1155 600 1360 665 facientes

212 709 314 774 bona
347 707 610 783 deficiamus,
646 707 827 788 specialiter
859 706 1078 782 admonemur3
1112 707 1225 771 beati
1263 707 1360 770 etiam

212 819 295 879 teste
323 813 501 897 psalmista,
532 813 599 896 qui
628 813 869 877 custodiunt
900 813 1104 878 iudicium
1132 817 1171 877 et
1199 813 1363 878 faciunt

212 921 421 985 iustitiam
455 921 492 982 in
528 919 632 984 omni
664 921 863 1002 tempore,
894 919 1056 1001 quianon
1084 919 1213 984 initium
1240 920 1361 984 laboris

212 1027 496 1092 remunerationem
520 1025 651 1108 praemii
676 1026 845 1090 consueuit
862 1026 1004 1090 inuenire
1024 1026 1080 1090 sed
1099 1026 1263 1090 terminus.
1284 1045 1361 1110 ergo
1391 1055 1405 1094 s

212 1155 269 1217 par
307 1133 450 1198 studium
488 1131 715 1196 sollicitudinis
750 1131 965 1208 adsumentes,
999 1133 1115 1214 quibus
1150 1136 1200 1197 est
1230 1153 1294 1196 una
1327 1133 1361 1196 in

214 1241 435 1305 communione
455 1243 485 1304 et
505 1239 693 1304 credulitate
713 1239 861 1313 societas,
883 1239 1151 1321 quemadmodum
1170 1239 1208 1303 de
1222 1239 1365 1303 adunata

214 1347 282 1412 sedi
305 1346 497 1429 apostolicae
523 1344 873 1428 Constantinopolitana
891 1345 1029 1410 ecclesia
1046 1346 1163 1429 pariter
1181 1347 1364 1410 exultamus

212 1454 245 1517 in
265 1454 402 1532 domino,
420 1454 466 1517 ita
485 1453 522 1516 de
542 1453 734 1534 reliquomrn
755 1471 892 1534 quoque,
913 1453 997 1517 sicut
1015 1452 1177 1517 affectiosa
1196 1452 1363 1526 admones,

213 1562 477 1646 redintegratione
512 1577 659 1624 curemus
692 1559 842 1641 primum,
876 1562 914 1623 ut
949 1559 1044 1623 fidem
1080 1559 1365 1642 integritatemque
1385 1589 1410 1626 ιο

171 1669 355 1732 buostram
383 1667 617 1731 ¹inmaculatam
656 1667 694 1730 ab
729 1667 813 1730 ornui
847 1666 1034 1750 contagione
1068 1685 1242 1731 seruemus.
1275 1667 1367 1730 nosti

215 1777 309 1854 enim,
342 1777 439 1841 frater
471 1775 681 1848 sanctissime,
712 1793 792 1856 quae
820 1775 1071 1839 ecclesiasticam
1100 1776 1229 1838 sement
1255 1772 1367 1836 uincla

216 1883 426 1960 concordiam,
455 1902 534 1964 quae
563 1901 621 1946 nos
650 1883 687 1947 ab
716 1881 947 1947 haereticorum
972 1886 1124 1946 tueantur
1145 1879 1283 1955 insidiis,
1307 1899 1367 1962 per

215 2009 295 2071 quae
320 1989 415 2054 etiam
440 2007 596 2053 canonum
621 1989 820 2053 custodiatur
843 1989 1027 2053 auctoritas.
1051 1987 1102 2052 his
1121 1986 1153 2051 in
1171 1986 1283 2051 robore
1304 2005 1366 2050 suo

215 2095 301 2160 omni
320 2095 602 2176 circumspectione
619 2095 754 2160 seruatis
769 2093 910 2158 remedia
925 2093 1126 2176 sperantibus
1143 2093 1366 2167 conferantur3
1386 2119 1412 2158 re

214 2203 311 2268 babet
349 2203 433 2265 eninr
469 2205 501 2266 et
538 2201 825 2266 ecclesiasticarum
864 2201 939 2265 ordo
975 2199 1158 2285 regularum
1195 2203 1228 2263 et
1259 2199 1367 2281 ipsius

216 2309 315 2374 lenna
342 2308 495 2386 iustitiae,
525 2313 562 2372 ut
588 2309 745 2372 medicina
772 2307 970 2372 rationabilis
998 2307 1133 2390 benigne
1162 2309 1194 2370 et
1227 2305 1370 2370 fideliter

217 2415 418 2497 sperantibus
442 2434 502 2478 non
527 2419 670 2499 negetur,
695 2433 752 2478 nec
777 2415 946 2497 quisquam
968 2414 1014 2477 ita
1038 2416 1088 2477 est
1105 2412 1143 2477 ab
1163 2412 1368 2476 humanitate

217 2522 385 2599 discretus,
425 2541 518 2604 qrrem
551 2540 612 2586 non
645 2540 663 2585 a
695 2524 799 2605 rigore
832 2520 1042 2587 districtionis
1075 2520 1206 2585 inclinet
1237 2519 1370 2583 incauta

173 2626 417 2709 osimplicnas.
447 2628 503 2691 sed
541 2631 578 2691 ut
615 2632 705 2692 caute
743 2628 803 2691 hoc
842 2627 922 2691 citra
958 2628 1118 2708 querelam
1155 2632 1212 2691 aut
1249 2626 1369 2689 erroris
1387 2654 1415 2693 ro

218 2734 353 2797 alicuius
378 2752 513 2797 uacuum
537 2735 643 2799 ualeat
667 2734 815 2817 expediri,
841 2734 1049 2798 dilectissime
1071 2734 1177 2810 frater,
1197 2752 1371 2816 personam

218 2860 320 2904 meam
358 2844 390 2903 te
426 2840 459 2904 in
497 2840 557 2905 hoc
595 2844 719 2925 oportet
754 2841 885 2904 induere
923 2840 1077 2904 scientem
1111 2841 1143 2905 in
1177 2839 1371 2905 huiusmodi

218 2942 335 3021 caucia,
352 2944 435 3007 sicut
447 2944 644 3025 praedictum
660 2947 718 3023 est,
735 2945 810 3027 quid
825 2944 1006 3008 laciendum
1022 2944 1074 3021 sit,
1090 2943 1166 3027 quid
1177 2946 1372 3023 cauendum,

218 3050 263 3114 ita
291 3050 396 3115 omnia
424 3050 629 3133 prouidendo,
655 3055 775 3117 utnon
800 3052 942 3135 ambigas
965 3052 1120 3116 rationem
1145 3052 1372 3133 dispositionis

219 3157 315 3221 huius
353 3157 410 3222 deo
449 3177 519 3222 esse
556 3158 757 3233 reddendam,
796 3160 843 3223 ita
878 3163 983 3223 tamen
1017 3162 1054 3223 ut
1085 3177 1151 3233 eos,
1185 3158 1239 3240 qui
1275 3158 1419 3227 uobiszs

219 3263 337 3327 luerint
351 3265 571 3329 communione
591 3264 704 3329 sociati
723 3265 776 3328 uel
794 3284 850 3348 per
868 3284 927 3329 uos
948 3264 1015 3330 sedi
1035 3264 1239 3347 apostolicae,
1259 3270 1374 3329 uestra

220 3370 310 3435 nobis
340 3372 460 3454 scripta
487 3370 657 3449 declarent,
687 3372 804 3454 quibus
833 3373 929 3436 etiam
958 3371 1152 3436 continentia
1173 3371 1374 3443 libellorum,

310 3511 322 3563 1
346 3510 405 3566 Gal.
426 3512 451 3573 6,
471 3512 487 3564 9
543 3511 559 3563 2
578 3510 677 3563 Psalm.
699 3511 759 3574 105,
779 3511 795 3563 3

257 3616 269 3669 1
291 3616 447 3671 exercitium
466 3616 562 3685 Hispa
583 3617 710 3671 exercicia
732 3617 755 3670 V
807 3616 914 3670 2beati
928 3622 994 3685 post
1012 3618 1028 3670 3
1047 3616 1190 3685 psalmista
1204 3620 1270 3683 trop.
1285 3617 1375 3685 Hisp.

220 3705 236 3757 9
256 3705 420 3773 reliquorum
445 3703 490 3757 Vi:
510 3704 673 3773 reliquarum
694 3704 780 3759 Gom.
872 3706 962 3759 affecti
981 3722 1027 3758 ose
1052 3706 1087 3758 V:
1108 3706 1251 3758 affectuose
1274 3704 1376 3767 Gom..

222 3792 393 3846 allectionea'
485 3794 518 3847 10
545 3793 708 3847 <laetemur>
736 3810 859 3847 curemus
887 3794 1128 3861 interpolataeruat
1149 3791 1203 3853 5¹5²,
1220 3792 1378 3852 <laetemur

222 3886 265 3934 ct,
286 3898 408 3934 curemus
426 3880 450 3934 l³
541 3882 571 3935 11
593 3882 755 3951 contagione
779 3882 805 3934 V
894 3884 926 3936 15
946 3881 1119 3936 conferantur
1140 3880 1168 3933 V
1186 3880 1288 3935 Gora:
1310 3900 1377 3936 con·

220 3970 372 4035 retenturi,
388 3970 755 4024 conserenturFrontoDuc.
814 3972 846 4024 16
860 3972 931 4025 eninr
946 3975 974 4024 et
988 3970 1022 4024 V:
1043 3972 1115 4023 euim
1130 3969 1211 4037 Hisp.
1266 3970 1304 4024 20
1323 3971 1379 4024 lroc

223 4059 291 4113 citra
314 4058 350 4113 V:
374 4058 426 4112 hoc
453 4062 480 4112 et
504 4059 572 4112 citra
597 4058 683 4113 Goua.
708 4059 771 4123 (hoc
795 4063 953 4128 ceterasque
979 4059 1102 4127 querelas
1125 4061 1172 4111 aut
1195 4074 1300 4111 errores
1325 4060 1379 4113 ali-

223 4148 298 4201 cuius
318 4164 348 4200 eo
368 4146 459 4199 ualeas
479 4146 603 4216 expedire
622 4148 642 4209 il
698 4148 840 4200 arcalors
860 4148 983 4217 expedire
998 4146 1080 4214 Hiap.
1148 4147 1184 4199 24
1202 4146 1380 4215 procidendo

226 4235 316 4290 Ylu'el:
336 4234 520 4304 praecidendo
535 4234 626 4304 Hisp,
646 4235 808 4305 procidendi
824 4236 855 4300 V,
875 4234 1043 4306 prouidouda
1060 4234 1168 4289 Fronto
1186 4234 1259 4288 Duc.
1321 4236 1379 4289 dis·

224 4324 391 4394 pausationis
410 4324 493 4391 Hisp.
549 4325 582 4377 ab
602 4323 674 4376 sedis
697 4324 783 4380 Golas.
803 4324 826 4375 ι’
880 4326 913 4378 27
933 4325 1016 4377 etiam
1040 4324 1075 4377 V:
1096 4325 1178 4376 etiarn
1198 4328 1225 4376 ct
1243 4322 1332 4392 Htap.
