3025 4975
233 436 297 499 718
597 430 742 485 Homnisda
760 431 866 484 Iustino
885 431 1010 500 Angusto

232 646 294 692 uox
309 627 427 692 domini
446 626 662 691 indeficienter
679 627 824 691 insonare
844 626 1004 704 debuerat,
1025 645 1087 709 qua
1105 626 1185 690 dixit
1203 629 1236 691 et
1255 625 1379 691 docuit:

233 732 1381 815 nemoascenditincaelumnisiquideoaelodescendit‚

187 841 355 906 tritius
384 841 578 919 hominis,
604 841 670 923 qui
696 840 821 906 estin
844 843 968 905 caelo.
993 860 1088 923 saepe
1112 841 1190 904 haec
1214 844 1247 904 et
1269 840 1381 904 multis

233 949 490 1032 praecedentium
514 951 589 1013 sunt
612 947 841 1032 comprehensa
860 947 1044 1024 sententiis3
1061 947 1118 1012 aed
1137 967 1195 1012 nee
1214 947 1383 1012 clementia

234 1059 352 1134 uestra,
372 1055 448 1120 lieet
462 1056 525 1120 iarn
541 1055 715 1130 dictasint,
730 1054 896 1120 fastidiose
909 1055 1028 1138 poterit
1040 1055 1178 1138 repetita
1191 1072 1382 1138 cognoscere
1411 1070 1422 1107 ε

236 1181 292 1226 nec
329 1163 421 1227 nobis
457 1163 560 1245 pudor
597 1182 642 1241 ea,
681 1181 762 1244 quae
796 1166 872 1227 sunt
904 1182 922 1226 a
953 1160 1234 1245 prodecessoribus
1265 1161 1383 1225 uostris

234 1269 426 1350 praedicata,
467 1271 642 1334 reuoluere.
685 1289 786 1353 neque
828 1269 912 1333 enim
954 1269 1107 1350 possibile
1153 1271 1213 1344 est,
1260 1271 1297 1331 ut
1342 1267 1385 1331 sit

238 1375 407 1439 diuersitas
435 1375 692 1458 praedicationne,
717 1375 773 1439 ubi
797 1394 860 1438 una
884 1377 934 1438 est
955 1374 1059 1438 forma
1081 1374 1239 1449 ueritatis,
1263 1391 1321 1437 nec
1345 1372 1383 1436 ab

236 1500 269 1544 re
297 1481 492 1546 iudicabitur
520 1482 668 1558 alienum,
698 1481 726 1545 si
755 1500 828 1546 cum
852 1481 913 1558 bis,
938 1499 1009 1544 oum
1034 1479 1152 1562 quibus
1176 1479 1384 1544 conuenimus

187 1591 210 1647 6
237 1587 308 1662 tide,
333 1607 546 1672 congruamus
572 1592 604 1653 et
627 1589 786 1672 dogmate.
811 1588 1016 1652 reuoluantur
1038 1587 1101 1670 piis
1129 1586 1385 1652 mansuetudinis
1403 1607 1426 1645 ιο

235 1698 361 1760 uestrae
403 1695 533 1760 aumbus
576 1695 702 1760 decreta
744 1695 896 1777 synodica
936 1698 969 1758 et
1008 1693 1094 1758 beati
1131 1712 1232 1777 papae
1267 1692 1385 1758 Leonis

236 1801 458 1866 conuenientia
482 1819 588 1865 sacrae
612 1801 686 1865 fidei
706 1801 898 1866 constituta:
922 1800 1033 1864 eadem
1056 1799 1228 1864 inuenietis
1251 1799 1282 1862 in
1306 1798 1384 1873 illis,

237 1925 316 1988 quae
344 1906 517 1971 recensetis
545 1906 578 1970 in
606 1907 734 1972 uostris,
765 1906 843 1989 quid
871 1925 945 1989 ergo
975 1907 1025 1970 est
1052 1905 1240 1988 postitium
1263 1905 1385 1970 fontem

236 2014 379 2077 fidelium
409 2017 603 2078 statutorum
632 2013 718 2094 quod
746 2013 894 2095 amplius,
928 2013 956 2077 si
988 2017 1094 2077 tamen
1125 2013 1200 2077 fidei
1232 2013 1385 2078 terminos

237 2123 354 2198 seruat,
384 2119 561 2202 quamlibet
588 2119 735 2184 curiosus
764 2122 923 2184 scrutator
949 2118 1111 2200 inquirat?
1140 2139 1199 2184 non
1225 2139 1306 2202 opus
1332 2125 1388 2185 aut
1406 2143 1427 2180 1⁵

237 2227 413 2291 adiectione
441 2225 545 2307 plenis
573 2229 630 2288 aut
656 2225 860 2290 institutione
883 2225 1044 2308 perfectis,
1068 2225 1130 2290 uisi
1154 2226 1235 2290 forte
1258 2229 1388 2292 mauult

237 2334 405 2415 quisquam
435 2333 579 2398 dubitare
609 2351 703 2414 quam
733 2332 868 2409 eredere,
899 2335 1019 2396 certare
1048 2351 1141 2414 quam
1165 2351 1269 2409 nosse,
1294 2334 1387 2416 sequi

188 2443 210 2505 7
238 2440 334 2505 dubia
362 2459 457 2523 quam
485 2457 610 2505 semare
641 2438 777 2504 decreta.
806 2457 879 2502 nam
908 2436 936 2502 si
963 2437 1089 2503 trinitas
1119 2438 1208 2518 deus,
1242 2439 1303 2505 boe
1337 2444 1388 2505 est

237 2550 327 2629 puter
346 2544 482 2611 attilius
502 2548 534 2610 et
553 2545 685 2628 spiritus
705 2548 845 2621 sanctus,
866 2544 944 2609 deus
964 2549 1071 2609 autem
1091 2565 1184 2622 unus,
1205 2546 1390 2629 specialiter

236 2654 421 2737 legislatore
455 2651 596 2716 dicente:
630 2651 720 2715 audi
754 2651 901 2728 Israel,
936 2651 1123 2716 dominus
1156 2652 1256 2716 dena
1289 2656 1429 2718 tunsa

237 2760 333 2825 deus
357 2778 456 2823 unus
481 2762 560 2823 est:
581 2760 636 2841 qui
656 2760 748 2823 aliter
767 2759 873 2837 habet,
892 2778 1023 2824 necesse
1043 2763 1092 2823 est
1111 2765 1167 2822 ant
1186 2759 1390 2826 diuinitatem

234 2867 265 2929 in
308 2865 410 2929 multa
447 2865 569 2929 diuidat
606 2868 663 2929 aut
698 2866 879 2947 specialiter
914 2865 1096 2949 passionem
1128 2866 1191 2948 ipsi
1227 2869 1388 2932 essentiae

233 2972 388 3036 trinitatis
417 2971 584 3055 impingat,
615 2975 656 3049 et,
687 2972 772 3053 qnod
801 2972 885 3037 absit
914 2992 932 3035 a
959 2971 1103 3037 fidelium
1126 2973 1300 3051 mentibuS,
1328 2974 1388 3038 boc

234 3082 285 3144 est
313 3083 369 3143 aut
396 3079 504 3162 plures
534 3079 609 3143 deos
638 3098 725 3143 more
752 3080 902 3162 profanae
931 3078 1122 3162 gentilitatis
1150 3078 1300 3143 inducere
1331 3086 1388 3145 aut

235 3185 419 3251 sensibilem
443 3204 576 3268 poenam
600 3185 640 3250 ad
664 3190 912 3262 damnatorem,
938 3204 1017 3267 quae
1042 3186 1146 3249 aliena
1169 3188 1221 3249 est
1239 3186 1277 3249 ab
1298 3187 1387 3251 omni
1406 3209 1430 3248 25

323 3456 417 3510 210h.
437 3457 462 3520 3,
485 3458 517 3510 13
572 3456 608 3509 20
626 3456 738 3509 Denter.
758 3458 783 3518 6,
802 3458 820 3508 4

269 3638 357 3689 diurn
382 3635 503 3703 VHicp.:
523 3636 605 3687 etiarn
625 3635 658 3689 H
754 3628 857 3689 6<ese
876 3653 908 3689 ea
934 3636 1019 3689 Gone.
1129 3634 1388 3704 praedecessoribus

232 3725 314 3794 Hisp.
340 3729 460 3791 (excepto
478 3723 511 3787 ib
604 3726 618 3777 ἲ
643 3723 800 3793 praedicata
821 3724 905 3792 Hiap.
933 3728 1052 3792 (arepto
1075 3724 1110 3790 ὕ)
1130 3723 1164 3777 Η
1185 3730 1307 3793 (eccepto
1329 3724 1386 3789 ὢν

233 3814 373 3883 praedicta
396 3810 474 3865 Vi³d²
519 3813 551 3865 12
570 3812 735 3866 irruenieutis
754 3812 956 3875 babdutam,
975 3813 1145 3866 inuenientes
1164 3812 1226 3865 t⁴b⁵
1263 3815 1299 3867 14
1312 3814 1388 3883 qnod

233 3901 278 3955 H:
297 3900 362 3969 qoid
380 3900 472 3968 Hispa,
493 3900 586 3969 quiV
658 3900 787 3953 terminos
805 3900 887 3969 Hiap.
906 3902 950 3954 H:
967 3902 1106 3954 berarium
1128 3900 1156 3953 V
1239 3902 1387 3961 lactura.

232 3996 276 4043 tor
299 3989 325 4041 V
422 4005 489 4057 opus
509 3992 556 4042 out
575 3988 726 4043 adiectione
748 3989 937 4051 {abiectionem
957 3988 996 4052 αἳ,
1015 3990 1197 4044 adiectionem
1216 3988 1272 4055 olel,
1291 3992 1386 4045 abiec-

232 4078 307 4129 tione
321 4075 354 4143 i³)
374 4076 462 4147 plebis
483 4078 580 4147 (plenis
598 4078 683 4132 Gonz.
705 4083 729 4131 et
748 4095 820 4131 oron.
841 4081 861 4131 2
878 4077 949 4144 W)
969 4083 1018 4132 aut
1031 4079 1114 4147 Hisp.
1128 4079 1175 4132 H:
1193 4096 1274 4149 opere
1295 4085 1348 4134 unt
1364 4080 1391 4135 V

235 4167 267 4219 16
291 4164 464 4218 institutione
496 4165 572 4219 VHr':
596 4166 773 4219 distinctione
799 4166 884 4220 Gom.
993 4167 1099 4221 mauult
1128 4168 1248 4235 t'Hicp..·
1271 4170 1337 4222 uult
1354 4170 1386 4223 11

229 4256 267 4307 Ι19
286 4252 371 4323 apelii
392 4257 436 4320 (=
448 4255 617 4324 spiritaliter)
636 4256 661 4307 V
694 4256 726 4309 21
741 4256 858 4323 qualiter
867 4256 970 4310 t⁴t³b¹⁰
1005 4258 1040 4309 22
1055 4254 1221 4310 diuidensV
1256 4258 1292 4311 23
1307 4274 1386 4313 men·

231 4346 275 4395 tes
294 4341 556 4407 b¹b²t³b⁴t⁵tdt¹⁰dz
576 4345 675 4398 mentis
693 4343 724 4396 bl
