3025 4975
201 446 267 509 694
413 439 558 495 Hormisda
578 439 710 495 Germano
731 444 795 504 etc.;
814 439 958 494 Possessor
976 437 1135 492 Hormisdae

204 642 312 702 uestra
335 655 393 701 nec
416 656 477 700 non
503 639 535 700 et
558 636 596 700 de
620 654 718 712 mora,
743 654 799 718 per
822 654 917 716 quam
941 654 999 699 uos
1024 633 1156 698 detineri
1175 633 1351 716 plurimum

205 745 361 820 dolemus,
389 743 540 808 releuetis
569 762 626 808 nos
658 742 807 824 alloquiis
836 743 896 806 snb
926 741 1091 807 occasione
1115 741 1229 806 idonea
1252 742 1350 824 porti-

203 852 293 916 toris.
363 851 446 915 Data
469 850 523 913 VI.
549 850 625 914 idus
649 849 709 914 Iul.
735 849 880 914 Rusticio
905 869 936 912 u.
961 868 987 913 c.
1012 867 1099 912 cons.

723 1041 831 1126 (aaa.)

248 1185 405 1231 normann
430 1185 574 1230 onnnauo
599 1185 748 1230 srrscoro
773 1185 877 1229 ranrcr
900 1185 939 1229 rr
962 1185 1113 1230 nroscono
1138 1184 1287 1229 macoma
1312 1184 1351 1228 ar
1382 1187 1393 1225 a

203 1293 326 1337 stanno
345 1292 555 1337 rnassrraro.
619 1273 752 1336 Animos
771 1276 898 1338 nostros
925 1275 991 1336 tam
1020 1273 1206 1337 diuturnum
1229 1271 1353 1334 dilecti-

205 1381 273 1445 onis
314 1382 439 1443 uestrae
478 1373 657 1443 silentium
684 1382 722 1441 ut
761 1380 924 1443 tantorum
964 1382 1144 1459 temporum
1186 1378 1354 1441 contristat

206 1487 360 1564 absentia,
390 1485 559 1567 praecipue
584 1505 656 1549 cum
680 1485 729 1548 uir
751 1485 941 1568 magnificus
964 1484 1118 1566 patricius
1142 1483 1353 1566 Symmachus

206 1597 238 1657 et
261 1593 311 1656 uir
333 1591 469 1657 illustris
494 1593 656 1655 Romanus
680 1591 834 1675 magister
857 1591 996 1654 militum
1021 1591 1079 1653 filii
1098 1591 1198 1654 nostri
1217 1590 1355 1654 reditum

208 1699 291 1782 apud
329 1717 385 1763 nos
424 1697 565 1762 caritatis
603 1701 730 1762 uestrae
770 1697 839 1761 sine
876 1697 1027 1762 dilatione
1064 1697 1279 1778 promiserint.
1323 1701 1398 1760 etro

208 1806 402 1889 ignoramus,
420 1810 527 1870 utrum
545 1805 613 1868 illic
633 1823 801 1870 causarum
822 1805 959 1886 qualitas
980 1824 1017 1868 an
1038 1807 1122 1870 certe
1140 1804 1227 1868 fraus
1247 1803 1357 1885 aliqua

209 1912 359 1976 simulata
387 1912 446 1976 sub
475 1912 667 1976 necessitate
696 1912 846 1988 detineat,
876 1912 950 1993 quia
981 1912 1072 1976 nobis
1105 1910 1357 1975 sollicitudinem

209 2019 283 2083 sine
301 2018 478 2082 cessatione
504 2017 684 2102 gerentibus
709 2021 741 2082 et
763 2037 862 2100 paene
882 2017 1049 2082 uniuersos
1068 2018 1207 2099 partium
1226 2016 1355 2080 illarum

164 2127 183 2189 2
210 2125 355 2190 homiues
389 2125 648 2208 percontantibus
682 2124 809 2188 diuersa
840 2128 873 2188 et
901 2123 1072 2189 dissimilia
1099 2122 1295 2188 nuntiantur.
1325 2125 1357 2186 et
1504 2194 1505 2197 Ἴ

207 2233 289 2309 ideo,
305 2232 452 2313 quoniam
472 2249 585 2294 causas
604 2234 710 2294 tantae
729 2231 890 2295 tarditatis
909 2249 968 2295 uos
987 2233 1103 2296 melius
1123 2230 1357 2312 deprehendere
1375 2251 1399 2289 rs
1504 2302 1505 2307 ἵ

208 2342 240 2404 et
263 2339 449 2422 intellegere
472 2338 609 2421 potestis
634 2341 728 2418 atque
749 2357 952 2421 cognoscere,
974 2338 1152 2422 siguificare
1170 2337 1263 2402 nobis
1282 2337 1355 2411 ista,

208 2445 245 2509 de
270 2445 386 2528 quibus
410 2447 518 2509 noster
542 2443 702 2509 cruciatur
725 2444 859 2523 animus,
880 2445 1047 2520 debuistis,
1068 2445 1122 2508 uel
1141 2444 1169 2509 si
1188 2445 1239 2508 est
1259 2461 1356 2508 causa

208 2552 371 2616 dilationis
399 2552 522 2629 idonea,
552 2551 637 2615 siout
665 2551 878 2615 constitutum
907 2555 967 2628 est,
993 2552 1132 2633 aliquem
1166 2551 1204 2614 de
1236 2551 1355 2615 uestris

165 2662 184 2724 3
210 2658 249 2722 ad
278 2676 335 2721 nos
366 2660 549 2737 oportuerat
577 2657 738 2722 destinari.
767 2657 850 2722 unde
878 2678 917 2721 ne
945 2659 1077 2723 forsitan
1110 2676 1166 2740 per·
1197 2658 1356 2721 uersutias

209 2768 265 2829 aut
297 2763 436 2845 aliquam
474 2764 746 2828 concinnationem
783 2763 876 2829 uobis
914 2765 1024 2829 dilatio
1063 2767 1095 2829 et
1128 2764 1398 2845 impedimentosa

210 2874 410 2957 generentur,
444 2872 503 2935 sub
539 2871 701 2935 celeritate
731 2872 822 2936 nobis
852 2872 994 2950 scribite,
1022 2876 1058 2935 ut
1087 2871 1146 2935 sub
1175 2869 1357 2934 rationabili

211 2975 406 3041 ordinatione
434 2995 490 3058 pro
519 2980 629 3041 uestra
657 2980 845 3060 repetitione
870 2978 909 3042 ad
931 2979 1034 3042 lilium
1056 2979 1202 3042 nostrum
1225 2977 1358 3058 impera-

165 3086 312 3151 4t0rem
346 3082 630 3147 clementissimum
666 3085 851 3168 dirigamus.
886 3104 959 3169 ergo
993 3088 1058 3148 tam
1092 3084 1189 3147 circa·
1206 3100 1357 3164 personas

211 3209 304 3272 quam
338 3190 377 3253 de
410 3208 505 3254 causa
537 3188 621 3268 fidei,
656 3210 710 3273 pro
741 3212 804 3272 qna
833 3192 887 3255 diu
915 3190 1091 3267 moramini,
1116 3190 1193 3271 quid
1218 3193 1356 3274 geratur.

210 3296 364 3360 instructe
381 3299 474 3378 atque
489 3297 673 3379 plenissime
688 3298 779 3362 uobis
796 3298 945 3361 uniuersa
963 3297 1138 3374 rescribite,
1153 3300 1192 3361 ut
1211 3297 1401 3360 omnibusne

212 3402 348 3486 cognitis
369 3402 426 3467 deo
445 3406 552 3467 nostro
572 3403 699 3467 fauente
718 3407 904 3480 tractemus
925 3402 1193 3486 quemadmodum
1213 3403 1357 3486 personis

212 3510 330 3574 uestris
355 3512 387 3574 et
411 3528 525 3574 causac
548 3510 662 3591 ipsura,
687 3510 779 3575 cuius
803 3530 853 3575 res
879 3510 994 3594 agitur,
1019 3510 1124 3593 possit
1141 3510 1360 3574 misericordia

213 3615 393 3683 subuenire.
462 3616 546 3680 Data
569 3617 615 3680 ld.
640 3617 700 3681 lul.
725 3617 871 3682 Rusticio
895 3637 926 3681 11.
952 3636 978 3683 c.
1004 3636 1088 3682 oona.

250 3841 384 3937 3rustiio
409 3885 434 3935 V

249 3971 316 4025 ⁶229.
354 3972 423 4026 Dat.
444 3990 470 4027 a.
493 3978 553 4027 520
572 3975 615 4028 dic
634 3978 669 4027 15
687 3976 766 4028 Iulii.
828 3976 902 4029 Eud.
925 3976 989 4029 Gar.
1008 3975 1040 4027 Ι2
1061 3978 1134 4041 537;
1155 3974 1264 4029 Collect.
1288 3975 1359 4029 Coa-

214 4061 273 4126 cil.,·
291 4060 371 4112 BTA
392 4061 413 4113 l
430 4064 503 4129 44ος
526 4063 604 4116 Tbiel
625 4064 697 4129 926;
715 4062 802 4117 obiter
819 4070 1009 4117 commemorat
1026 4066 1096 4117 Bar.
1117 4064 1156 4118 ad
1174 4080 1200 4117 a.
1223 4067 1292 4126 520,
1312 4065 1360 4116 28.

215 4136 361 4203 5111Ῑ117
440 4152 512 4218 deq.
532 4154 679 4203 tam..ut
702 4150 739 4203 V:
758 4154 936 4205 tum..tum
953 4152 1030 4205 Ball.
1055 4153 1140 4205 Your.
1231 4152 1358 4220 8111111-

214 4238 325 4291 machus
341 4238 366 4289 V
436 4240 470 4293 10
488 4244 513 4293 et
533 4240 564 4293 13
584 4240 665 4319 siulf
737 4242 769 4293 14
789 4240 1055 4309 percunctantibusa
1122 4242 1157 4294 25
1175 4240 1310 4293 instructa
1325 4240 1360 4291 V:

216 4354 342 4406 instruite
361 4354 388 4403 o²
443 4354 476 4407 ‘28
495 4354 523 4406 id
541 4354 565 4407 ir
582 4320 681 4407 rustiio
705 4355 732 4410 V
