3025 4975
217 426 280 491 516
482 419 618 473 Indiculus
639 418 719 473 datus
739 418 861 473 Enuodio
880 418 1029 472 Fortunato
1049 422 1100 472 etc.

216 619 324 683 nullus
349 636 418 681 esse
441 618 548 699 potest
572 614 774 691 orthodoxus,
793 614 867 693 ista,
889 624 1027 695 (quarn)
1048 614 1142 679 debet
1160 615 1362 679 sacerdotum

166 724 407 809 13generalitas
422 726 537 787 'tenere
562 728 594 787 et
616 720 826 805 praedicando
850 725 997 785 seruare'.
1062 722 1089 784 si
1113 721 1226 785 dixerit
1248 722 1364 786 ‘ortho-

219 831 289 895 doxi
327 833 403 895 sunt
439 829 594 911 episcopi,
634 828 671 893 de
709 828 894 892 constitutis
930 830 1056 910 patrum
1093 847 1153 892 non
1191 828 1363 903 recedunt’,

218 936 392 1018 respondes
429 938 513 1020 ‘ergo
543 936 571 999 si
598 935 775 999 constituta
800 937 927 1015 patrum
961 938 1129 999 seruantur
1155 938 1189 998 ct
1214 935 1245 997 in
1274 936 1363 999 nullo

219 1044 441 1133 corrumpitur,
475 1042 558 1124 quod
585 1042 617 1105 in
650 1044 759 1107 sancto
789 1039 1016 1105 Calcedonensi
1043 1040 1177 1107 concilio
1203 1042 1366 1105 firmatum
1397 1060 1410 1097 ⁵

220 1153 278 1227 est,
308 1169 387 1233 quaa
416 1168 512 1215 causa
540 1152 590 1213 est
617 1152 741 1213 tantum
769 1148 851 1212 inter
878 1148 1029 1212 ecclesias
1061 1149 1200 1231 partium
1230 1149 1367 1213 istarum

220 1277 291 1323 esse
316 1257 489 1322 discordiae
513 1258 566 1321 uel
591 1275 670 1338 quae
695 1273 792 1319 causa
813 1254 891 1319 facit
908 1254 940 1318 in
959 1273 1022 1319 uuo
1042 1253 1180 1319 Orientis
1199 1256 1367 1338 episcopos

169 1368 281 1431 ltnon
310 1364 459 1442 sentire?
538 1364 565 1427 si
594 1362 706 1427 dixerit
733 1363 844 1445 ‘quieti
871 1365 960 1426 eraut
987 1363 1139 1445 episcopi,
1167 1364 1255 1427 nulla
1285 1364 1369 1427 inter

220 1472 308 1554 ipsos
348 1469 505 1535 discordia
541 1469 745 1534 uersabatur:
786 1468 933 1534 decessor
968 1469 1071 1533 sancti
1107 1486 1207 1551 papae
1244 1470 1368 1533 animos

221 1597 331 1641 eorum
354 1577 463 1641 missis
486 1577 601 1641 litteris
626 1576 779 1641 excitauit
801 1579 833 1640 et
856 1575 895 1639 ad
919 1575 1137 1640 confusionem
1166 1575 1368 1640 sollicitando
1390 1598 1414 1635 ro

220 1683 396 1765 perduxit,
433 1683 686 1765 respondendum
725 1684 872 1761 litteras,
911 1700 990 1764 quas
1028 1685 1155 1746 sanctae
1197 1682 1369 1746 memoriae

222 1810 303 1873 papa
327 1789 536 1873 Symmachus
561 1789 745 1867 destinauit,
769 1808 844 1871 prae
866 1789 1013 1853 manibus
1036 1788 1207 1852 hahemus:
1232 1790 1259 1855 si
1284 1792 1372 1853 extra

222 1898 310 1975 haec,
345 1916 425 1980 quac
457 1898 558 1980 pietas
591 1901 698 1961 uestra
733 1896 820 1972 dixit,
848 1896 908 1960 hoc
938 1898 987 1959 est
1017 1894 1270 1971 ,Caloedonense
1298 1914 1371 1960 con·

188 2084 193 2093 ¹
223 2004 332 2068 cilium
366 2022 490 2087 sequor,
524 2004 676 2088 epistolas
704 2022 804 2087 papae
832 2002 946 2066 Leonis
974 2001 1141 2078 admitto“,
1170 2001 1255 2066 aliud
1284 2003 1372 2084 quic-

222 2129 317 2192 quam
347 2110 507 2173 continent
534 2108 596 2172 nisi
624 2107 880 2184 exhortationem,
909 2111 946 2170 ut
972 2107 1035 2171 ista
1058 2113 1234 2181 seruentur,
1258 2126 1371 2173 uerum
1392 2125 1417 2165 rs

224 2220 283 2291 est,
313 2215 387 2297 quia
415 2235 470 2298 per
498 2217 605 2297 ipsum
633 2219 683 2279 est
712 2218 861 2299 generata
891 2214 1052 2288 confusi03
1086 2216 1118 2277 at
1151 2215 1178 2278 si
1209 2214 1269 2279 hoe
1299 2234 1371 2282 cou-

223 2322 345 2385 tinetur
368 2322 399 2385 in
423 2322 551 2396 litteris,
572 2322 656 2403 quod
680 2327 711 2386 et
734 2325 823 2403 pater
841 2324 949 2384 uester
967 2323 1073 2403 sperat
1092 2322 1124 2383 et
1141 2320 1245 2402 pietas
1267 2326 1373 2386 uestra

224 2429 391 2507 consentit,
420 2428 496 2511 quid
525 2428 578 2493 ille
606 2428 691 2506 lecit,
716 2428 802 2510 quod
828 2427 861 2492 in
890 2447 963 2492 eum
991 2427 1138 2492 uideatur
1165 2446 1236 2492 esse
1265 2430 1373 2510 culpa·

172 2542 212 2604 15
231 2535 329 2599 bilea’
385 2535 435 2599 his
460 2535 574 2599 adicite
598 2554 707 2617 preces
732 2537 764 2599 et
785 2536 932 2599 lacrimas
955 2538 1104 2618 rogantes
1122 2534 1259 2599 ‘domine
1276 2536 1375 2618 impe-

229 2647 324 2719 rator,
353 2642 550 2706 considerate
579 2641 683 2718 derum,
706 2643 813 2723 ponite
842 2646 914 2706 ante
942 2643 1052 2707 oculos
1080 2645 1205 2706 uestros
1228 2643 1374 2706 futurum
1396 2657 1424 2698 ro

228 2749 297 2812 eius
329 2748 500 2813 iudicium!
539 2749 640 2813 sancti
678 2752 796 2831 patres,
832 2749 887 2829 qui
918 2749 982 2812 ista
1013 2749 1257 2823 constituerunt,
1289 2749 1376 2814 beati

227 2855 364 2938 apostoli
396 2855 482 2919 Petri
519 2854 613 2920 fidem
653 2856 756 2920 secuti
793 2859 877 2930 sunt,
914 2875 971 2938 per
1002 2874 1095 2936 quam
1128 2855 1294 2920 aedificata
1325 2859 1376 2920 est

174 2961 363 3040 16ecclesia
387 2961 527 3026 Christi’.
607 2962 633 3026 si
663 2961 775 3025 dixerit
801 2962 973 3043 imperator·
994 2961 1089 3043 ‘quod
1115 2981 1168 3026 me
1195 2963 1296 3026 uultis
1320 2983 1376 3046 per

227 3069 424 3133 secutionem
450 3069 561 3145 lacere,
586 3069 703 3146 habeo;
733 3086 806 3132 eece
834 3068 914 3132 mihi
938 3068 1180 3146 communicate,
1206 3069 1261 3151 qui
1284 3088 1376 3151 spuo·

226 3174 302 3239 dum
315 3174 580 3240 calcedonensem
596 3173 713 3257 recipio
730 3177 762 3238 et
777 3175 928 3257 epistolas
943 3193 1042 3256 papae
1056 3175 1171 3239 Leonis
1186 3176 1377 3259 amplector3
1398 3192 1425 3232 2⁵

226 3299 308 3345 nunc
329 3282 559 3344 communicate
579 3280 696 3356 mihil',
712 3280 967 3362 respondendum
987 3284 1037 3345 est
1055 3283 1126 3362 ‘quo
1146 3281 1254 3346 ordine
1272 3283 1378 3364 pietas

226 3390 334 3451 uestra
358 3387 584 3451 communicari
609 3387 669 3451 sibi
689 3386 870 3451 desiderat?
894 3405 951 3450 nec
974 3405 1032 3450 nos
1055 3387 1288 3469 praedicantem
1312 3390 1380 3454 ista

227 3493 377 3576 pietatem
401 3495 541 3557 uestram
565 3495 716 3565 uitamus,
737 3493 822 3576 quod
846 3493 966 3558 scimus
991 3492 1083 3556 deum
1107 3494 1228 3573 timere,
1248 3499 1280 3560 et
1299 3514 1378 3580 gau·

227 3600 348 3679 demus,
381 3601 456 3682 quia
492 3604 616 3685 gratum
653 3601 746 3666 uobis
784 3603 834 3664 est
868 3603 994 3681 patrum
1028 3601 1201 3664 constituta
1237 3620 1376 3666 seruare.

265 3864 278 3915 1
299 3863 353 3916 ista
373 3879 484 3936 <quanm
505 3863 615 3931 scripsi:
635 3863 688 3916 ista
711 3861 742 3923 V,
763 3862 843 3915 istam
861 3862 931 3914 Bar.
988 3861 1004 3913 6
1027 3857 1318 3912 tanturn..discordia
1342 3856 1374 3918 V,

229 3993 297 4032 cor-r.
312 3977 351 4032 0²:
371 3981 476 4032 tantam
488 3977 683 4034 ..discordiam
704 3995 717 4047 p
754 3978 771 4031 8
791 3978 890 4030 sentire
909 3996 937 4029 o:
958 3941 1060 4030 senrii'e'
1076 3975 1100 4028 V
1138 3977 1170 4028 12
1190 3973 1331 4043 symachus
1351 3971 1380 4024 V

231 4067 263 4120 18
279 4083 339 4120 eum
359 4067 393 4120 V:
414 4085 444 4120 eo
464 4068 533 4121 Bor.
579 4067 612 4120 23
633 4065 704 4134 quod
719 4066 804 4119 Bon:
818 4064 883 4135 quid
898 4065 923 4119 V
992 4082 1041 4134 per
1059 4064 1226 4117 secutionem
1241 4066 1302 4127 (aut
1314 4078 1376 4130 per-

230 4157 406 4222 secutionem)
431 4157 467 4210 l':
485 4173 532 4225 per
549 4155 713 4208 locutionem
732 4155 811 4215 Bau,
830 4155 1044 4224 prosecutionem
1063 4152 1276 4222 persolutionem
1303 4151 1378 4205 idem

229 4244 260 4296 iu
278 4245 400 4312 nrorpr'ne
440 4246 475 4297 24
494 4244 578 4296 haheo
603 4243 694 4296 Tha'el:
713 4241 780 4296 abeo
805 4242 835 4305 l',
854 4242 954 4295 habete
972 4241 1042 4295 Bur.
1080 4243 1115 4294 25
1135 4239 1329 4295 calcedonense
1352 4239 1381 4294 V

230 4335 265 4389 29
283 4333 361 4388 nobis
385 4334 417 4400 V,
436 4349 503 4388 corr.
522 4333 592 4386 Bur.
