3025 4975
372 454 459 525 Epist.
479 455 652 510 CLXXXXII
671 458 688 511 3
702 488 736 495 —
752 454 939 510 CLXXXXIII
956 458 980 509 4.
1184 460 1246 523 651

126 651 215 717 Oriens
240 650 310 715 sine
333 650 428 715 dubio
453 654 631 729 ueneratur,
656 650 761 732 etqui
784 650 868 733 prior
886 650 918 714 in
940 649 1048 714 eodern
1069 650 1130 714 luit
1149 671 1249 717 sacer-

127 759 190 823 dotio
223 756 339 823 iniuria
371 776 405 821 se
438 776 509 821 esse
541 759 698 822 remotum
727 757 879 839 queritur.
931 757 1038 821 uisum
1067 761 1116 821 est
1142 756 1293 843 itaquo2

126 865 280 941 conuenire,
304 866 343 928 ut
364 882 421 927 nec
448 864 603 928 faciamus
631 864 788 945 impetum
817 866 925 929 contra
952 862 1146 929 infinitarum
1175 870 1250 931 uota

126 971 347 1037 multitudinum
385 975 440 1035 aut
472 972 566 1035 homo
605 971 788 1055 integritate
826 971 942 1037 nobilis
976 971 1051 1035 sede
1085 971 1249 1051 deiciatur,

105 1096 170 1159 equa
197 1099 231 1143 se
264 1078 398 1161 dignum
430 1077 567 1155 exhibet,
599 1096 657 1143 nec
689 1078 836 1143 anteriori
870 1097 959 1159 spem
991 1096 1121 1160 prorsus
1155 1079 1251 1145 adimi

125 1186 261 1265 patiamur
283 1184 446 1267 repetendi
468 1183 576 1249 loourn
600 1184 714 1261 denuo,
734 1203 796 1265 quo
821 1204 855 1249 se
875 1185 1048 1267 spoliatum
1068 1186 1135 1251 sine
1155 1206 1250 1251 causa

126 1292 276 1369 confirmat,
316 1291 373 1355 sed
408 1293 440 1355 in
473 1311 507 1355 re
544 1291 641 1355 dubia
676 1291 886 1375 temperatius
923 1310 1099 1370 uersemur,
1137 1294 1183 1357 ita
1214 1296 1251 1357 nt

40 1440 45 1450 -
126 1398 229 1462 iuterim
253 1399 382 1481 quidem
406 1399 458 1463 hic
480 1398 568 1463 idem
585 1399 696 1463 Helias
715 1399 767 1463 uir
784 1398 1061 1465 reuerentissimus
1081 1401 1249 1483 episcopus

126 1505 149 1567 iu
170 1505 269 1588 quiete
297 1508 489 1588 permaneat,
518 1525 631 1570 nerum
659 1507 829 1589 postquam
858 1524 1025 1570 successor
1052 1506 1120 1571 eius
1149 1506 1251 1571 uitam

96 1611 293 1692 disposuerit,
326 1615 397 1676 tum
434 1612 562 1676 dernurn
595 1612 634 1676 ad
667 1612 775 1677 sedern
811 1615 989 1677 reuertatur
1021 1632 1083 1695 qua
1115 1613 1249 1691 destitit,

126 1717 287 1783 adhibendis
321 1719 410 1801 prius
444 1720 603 1797 omnibus,
638 1738 718 1801 qnae
751 1719 791 1783 ad
823 1718 1052 1801 impetrandam
1084 1720 1249 1784 reditionis

124 1823 259 1889 licentiam
290 1825 580 1890 sacratissimarum
602 1826 784 1910 regularum
807 1827 972 1909 postulant
995 1826 1132 1904 definita,
1156 1826 1250 1891 inter-

125 1930 244 2009 ponendo
281 1932 378 1997 etiam
412 1950 570 1997 consensu
602 1936 668 1996 tarn
700 1935 775 1996 tuae
810 1932 894 1996 sedis
927 1932 1121 2015 apostolicae
1155 1952 1250 2017 quarn

124 2035 343 2104 florentissimae
357 2038 454 2103 huius
469 2039 558 2105 urbis
573 2058 630 2104 nec
649 2059 712 2105 non
726 2040 870 2115 aliarum,
887 2058 1019 2120 quarum
1033 2038 1093 2103 hoc
1107 2040 1248 2106 interest.

93 2164 111 2201 n
125 2141 284 2210 de‘ihoma
312 2146 410 2230 etiam
438 2149 470 2210 et
492 2146 675 2211 Nicostrato
703 2145 781 2210 uiris
809 2146 1061 2229 religiosissimis
1091 2147 1249 2230 episcopis
1273 2144 1293 2205 3

125 2250 208 2315 omnia
227 2252 494 2333 mancipabuntur
518 2252 655 2329 effectui,
679 2254 850 2334 postquam
879 2254 1001 2316 ceterae
1031 2252 1127 2316 etiam
1155 2252 1248 2317 uobis

124 2358 264 2437 copulatae
301 2358 421 2423 inerint
457 2358 495 2423 ad
527 2358 685 2423 unitatem
726 2358 923 2423 uenerabiles
966 2356 1128 2435 ecclesiae,
1167 2378 1248 2441 quae

123 2465 304 2542 pmeoedcnte
350 2485 486 2550 superno
532 2465 689 2550 praesidio
741 2464 909 2532 statuenda
960 2465 1140 2532 duxerimus
1191 2485 1247 2550 pro

124 2573 386 2637 sacratissimarum
422 2573 605 2657 regularum
641 2572 751 2636 itidem
786 2571 902 2636 ordine.
955 2572 1101 2654 quoniam
1139 2572 1291 2656 itaque4

92 2692 112 2731 a
125 2680 227 2742 uastae
248 2699 375 2762 quoque
399 2679 607 2744 sanctitudini
626 2678 886 2743 deliberationem
906 2682 1045 2742 nostram
1067 2683 1248 2762 oportuerat

123 2779 260 2862 declarari,
283 2791 322 2850 ut
345 2805 381 2852 er
404 2788 463 2851 hac
487 2787 583 2852 etiam
605 2785 736 2869 patefiat
760 2784 962 2863 desiderium,
982 2785 1014 2848 in
1039 2805 1100 2867 qno
1121 2805 1246 2852 omnem

122 2905 228 2969 operam
243 2892 440 2958 intendimus
455 2893 494 2957 ad
514 2892 759 2976 compescendas
775 2895 869 2974 atque
884 2893 1104 2975 temperandas
1125 2897 1245 2958 contro·

120 2996 221 3062 uersias
256 3004 287 3064 et
324 3001 465 3083 optatam
503 2999 586 3064 inter
623 3017 731 3064 omnes
770 2998 967 3064 concordiam
1004 3000 1244 3084 prorogandam,

119 3107 278 3179 praesentes
316 3125 442 3188 quoque
478 3107 602 3171 litteras
640 3105 788 3171 duximus
826 3105 1038 3182 destinandas,
1081 3113 1244 3172 monentes

87 3225 107 3263 πε
120 3210 272 3294 praecipue,
295 3216 335 3277 ut
352 3232 409 3295 pro
427 3213 579 3278 incolomi
597 3215 683 3278 statu
706 3213 753 3276 rei
771 3213 918 3294 publicae
937 3231 1052 3278 numen
1073 3233 1244 3296 supernum

118 3316 216 3380 uestris
238 3322 381 3384 exoretur
403 3321 562 3403 precibus.
608 3320 691 3384 Data
710 3319 781 3384 VH.
801 3319 878 3383 idus
897 3319 1005 3384 Iunias
1025 3319 1244 3388 Constantino-

117 3419 171 3498 poli
190 3423 345 3491 Uitaliano
369 3428 402 3492 et
423 3428 568 3492 Rustioio
592 3446 696 3492 conss.

145 3609 276 3671 tiniurias
296 3634 356 3672 esse
379 3617 411 3681 V,
431 3635 499 3672 corr.
521 3637 535 3687 p
608 3621 624 3674 6
644 3636 696 3689 qno
716 3635 744 3672 se
764 3619 910 3688 spoliatum
933 3618 1011 3672 Con:
1036 3635 1102 3686 qnos
1122 3619 1242 3688 expolia-

116 3698 164 3750 tum
185 3700 214 3763 V,
236 3704 264 3758 id
284 3705 360 3776 quod
380 3708 412 3760 in
431 3723 483 3776 quo
503 3725 532 3760 sc
551 3707 716 3777 expoliatum
735 3707 853 3761 correxit
872 3725 885 3776 ρ
978 3707 992 3760 7
1011 3708 1208 3778 temperantius
1229 3727 1241 3777 p

117 3785 144 3838 10
159 3805 207 3856 qna
227 3791 313 3849 distel:
333 3795 397 3864 quia
422 3795 445 3845 V
492 3799 526 3851 16
544 3797 815 3866 mantipabunturV
869 3799 900 3851 17
921 3796 955 3850 ad
974 3797 1107 3850 unit-atem
1125 3796 1242 3852 Hartet:

116 3878 138 3927 et
153 3877 183 3930 ad
199 3881 325 3937 unitatem
350 3883 380 3945 V.
401 3889 429 3938 et
448 3885 581 3939 adunatae
604 3886 684 3940 Tuscu
739 3887 771 3939 18
791 3887 898 3955 superio
918 3886 950 3945 V,
970 3901 1038 3939 corr.
1057 3884 1085 3936 ο2
1139 3887 1173 3938 23
1193 3904 1241 3957 op-

113 3967 164 4017 tata
183 3967 211 4030 V,
230 3985 327 4027 corno
383 3974 418 4026 26
437 3975 708 4044 constantinopollV
762 3977 795 4029 27
817 3960 882 4028 cons
904 3975 930 4027 V
