3025 4975
8 535 10 630 i

461 465 548 535 spus.
568 463 691 520 coxvrr
710 463 726 518 s
745 495 780 504 -
799 462 935 519 ccrvur
953 465 978 518 a.
1226 465 1291 531 679

148 661 367 744 Eutychetom.
391 659 538 726 sufficere
561 658 656 727 debet
680 661 843 739 ecclesiae,
867 661 953 744 quod
974 680 1031 743 per
1052 659 1108 724 ΒΧ
1132 679 1229 726 anuos
1253 661 1292 724 ab

149 768 324 852 Eutychete
352 787 454 850 usque
482 767 576 833 modo
605 769 783 834 sustinnit'.
851 769 943 835 nobis
972 767 1057 851 quod
1089 767 1199 832 uisum
1232 769 1346 844 estid

150 874 352 958 scripsimus;
385 873 417 938 in
451 879 559 940 uestra
589 877 750 958 potestate
783 879 834 940 est
865 875 1048 950 deliberare,
1083 873 1167 957 quod
1198 873 1292 938 uobis

149 981 224 1046 deus
249 981 465 1064 imperauerit,
490 981 637 1064 quoniam
662 982 722 1047 hoc
744 982 795 1047 illi
818 982 965 1047 nituntur
982 1001 1122 1046 asserere
1141 1000 1178 1046 eo
1198 980 1292 1045 modo

111 1114 130 1153 s
149 1087 207 1152 sibi
245 1088 431 1154 satisfacere
468 1087 642 1171 cupientes,
682 1091 720 1154 ut
755 1089 802 1154 ita
837 1089 1043 1173 profiteamur
1079 1090 1112 1152 et
1148 1087 1292 1152 dicamus

147 1214 244 1259 unum
274 1194 312 1259 de
340 1194 483 1260 trinitate
510 1213 642 1278 possum
672 1214 753 1276 esse,
779 1197 864 1279 quod
887 1215 946 1262 nec
968 1198 1075 1278 patres
1098 1213 1156 1259 uec
1180 1194 1293 1278 synodi

149 1299 301 1368 dixerunt.
370 1301 434 1366 ista
469 1301 540 1366 ideo
577 1321 635 1385 per
671 1302 799 1386 singula
835 1303 1050 1384 exposuimus,
1088 1320 1126 1365 uo
1164 1300 1342 1368 illorumll

149 1407 310 1472 subtilitas
334 1407 488 1492 glorietur
509 1407 542 1472 in
566 1411 675 1473 nostra
698 1408 922 1492 simplicitate:
946 1413 1075 1492 propter
1092 1409 1172 1473 istas
1192 1426 1292 1473 nouas

148 1531 220 1578 suas
257 1512 450 1580 intentiones
486 1513 649 1580 Uitaliano
686 1515 854 1599 magnifico
891 1515 961 1580 uiro
1000 1514 1230 1597 subripuerunt
1260 1517 1295 1578 et

110 1647 132 1684 u
147 1621 223 1686 talia
250 1619 413 1685 uindicare
442 1623 472 1684 et
500 1640 555 1703 pro
584 1621 705 1685 talibus
728 1620 824 1686 rebus
848 1624 958 1688 contra
980 1640 1048 1696 nos,
1073 1639 1293 1703 quaecumque

146 1726 261 1810 potuit,
271 1726 498 1810 impedimenta
508 1727 628 1804 afferre,
640 1727 731 1792 cuius
746 1728 1003 1794 immutationem
1014 1727 1116 1792 omnis
1126 1727 1292 1792 uobiscum

148 1832 240 1898 deflet
273 1834 420 1898 ecclesio.
453 1837 647 1917 quapropter
673 1853 834 1918 rogamus,
863 1837 901 1900 ut
929 1837 1081 1900 consueta
1108 1833 1234 1898 cautela
1261 1838 1294 1899 et
1307 1840 1345 1902 12

148 1959 208 2022 qua
240 1940 325 2004 solet
357 1939 492 2004 domnus
524 1943 633 2005 noster
663 1940 831 2024 uigilantia
867 1941 1027 2025 cogitetis,
1065 1946 1098 2005 et
1133 1940 1292 2022 quomodo

147 2046 344 2128 suscipiendi
372 2045 447 2124 sint,
477 2047 533 2129 qui
561 2067 578 2110 a
606 2047 697 2112 nobie
726 2048 834 2113 taliter
861 2051 1063 2112 recesserunt
1089 2051 1122 2112 et
1144 2067 1163 2112 a
1184 2051 1293 2113 nostra

110 2153 277 2218 oluerunt
304 2153 527 2218 communione
557 2153 703 2232 seiuncti,
733 2154 870 2236 etquid
902 2155 948 2219 eis
980 2153 1207 2238 respondeatur
1238 2155 1292 2218 uel

147 2259 304 2340 quomodo
329 2278 439 2324 eorum
463 2259 604 2342 capitula
622 2260 824 2343 repellantur,
844 2261 919 2343 quia
938 2279 991 2326 cos
1011 2279 1120 2326 omnes
1140 2260 1292 2326 Constan-

146 2366 355 2450 tinopolitano
378 2365 536 2431 catholica
559 2366 703 2432 exhorret
726 2367 871 2432 ecclesia.
923 2368 1006 2432 Data
1023 2367 1082 2436 111.
1100 2368 1174 2432 Kal.
1193 2367 1292 2432 Iulias

148 2471 431 2557 Constantinopoli.

663 2650 772 2734 (ere.)

107 2804 129 2843 so
444 2792 518 2837 lum
542 2793 710 2839 SUGGESTIO
736 2792 858 2848 duorum
882 2794 990 2839 SUPRA.

188 2897 291 2963 Filius
323 2900 433 2963 uester
463 2897 653 2982 magnificus
682 2898 733 2962 uir
759 2898 957 2965 lastinianus
986 2918 1037 2964 res
1065 2900 1290 2966 conuenientes

146 3003 218 3068 fidei
251 3022 327 3068 suae
358 3003 479 3068 faciens
507 3003 673 3069 basilicam
702 3007 885 3069 sanctorum
913 3007 1141 3088 apostolorum,
1169 3007 1201 3071 iu
1230 3026 1293 3090 qua

147 3110 304 3175 desideret
327 3112 360 3175 et
383 3110 468 3175 beati
487 3111 648 3176 Laurentii
668 3112 815 3196 martyris
833 3112 987 3195 reliquias
1006 3132 1087 3191 csse,
1107 3114 1291 3179 const'tuit:

147 3221 250 3299 sperat
280 3237 337 3301 per
368 3219 561 3301 parcitatem
593 3222 745 3297 nostram,
779 3222 817 3285 ut
847 3220 1082 3303 praedictorum
1110 3227 1292 3286 sauctorum

106 3354 129 3393 ss
146 3322 294 3405 reliquias
314 3322 460 3387 celeriter
478 3323 669 3389 concedatis.
725 3324 839 3389 habuit
857 3325 986 3407 quidem
1003 3326 1117 3407 petitio
1137 3326 1291 3409 praedicti
1324 3330 1344 3390 2

144 3430 203 3493 uiri
237 3430 415 3495 secuudum
446 3448 568 3495 morem
601 3429 797 3497 Graecorum
830 3436 863 3496 et
890 3451 948 3497 uos
977 3451 994 3496 e
1023 3436 1132 3497 contre
1160 3452 1292 3497 consua-

144 3534 285 3600 tudinem
317 3534 403 3599 sedis
436 3536 630 3619 apostolicae
663 3538 877 3619 exposuimus.
911 3538 1035 3620 accepit
1066 3537 1231 3602 rationem.
1260 3542 1292 3604 ot

145 3640 216 3722 quin
248 3641 323 3707 talis
356 3641 463 3707 feruor
490 3645 539 3707 est
572 3642 647 3707 fidei
681 3643 760 3720 eius,
794 3645 850 3726 qui
882 3648 1040 3708 mereatur
1072 3643 1223 3726 quicquid
1252 3644 1292 3708 de

144 3748 321 3831 apostolice
349 3748 424 3813 sede
446 3748 683 3833 depoposcerit,
714 3754 745 3815 et
773 3753 837 3816 talo
866 3756 926 3829 est,
956 3751 1041 3833 quod
1065 3754 1183 3833 sperat,
1207 3750 1290 3815 unde

182 3940 398 3995 leuthichetem
423 3940 449 3993 V
500 3940 721 3995 2cnticheteV
774 3942 957 4011 limpanerit
980 3942 1011 4005 V,
1031 3958 1100 3997 oorr.
1120 3960 1138 3993 α
1191 3943 1291 3997 9sub·

144 4032 285 4099 repserunt
302 4030 366 4085 edis.
386 4046 439 4099 rep.
523 4031 554 4084 14
574 4030 703 4100 suspendi
722 4049 746 4095 α,
766 4030 840 4085 sade
858 4031 1040 4101 suspendendi
1060 4030 1087 4082 0²
1173 4027 1206 4087 ld
1225 4035 1291 4101 fort,

143 4118 228 4172 omnis
284 4120 318 4173 18
338 4118 601 4189 Constantinopolim
625 4120 651 4173 V

178 4207 244 4262 218.
299 4207 368 4263 Dat.
387 4214 419 4261 set
437 4223 476 4276 ep.
496 4212 559 4264 216.
638 4208 712 4262 Edu.
735 4208 799 4263 Car.
819 4209 848 4262 1²
870 4212 942 4276 524;
959 4210 1029 4263 Bur.
1049 4212 1089 4264 ad
1107 4228 1133 4265 a.
1156 4214 1217 4272 519,
1241 4214 1292 4278 93;

146 4294 254 4351 Collect.
281 4296 412 4363 Conuil.,·.
428 4297 508 4352 Tts'cl
532 4300 600 4351 873.
692 4298 725 4351 28
745 4302 862 4352 meretur
886 4298 917 4360 V.
938 4300 1044 4353 corraei
1134 4301 1168 4353 29
1187 4298 1239 4353 ude
1259 4315 1292 4353 cx

145 4392 190 4437 ure
208 4381 326 4438 εον]
