3025 4975
208 401 273 464 520
680 398 801 453 Libellus
820 398 885 452 fidei

207 600 305 665 debet
335 600 463 684 pietatis
498 616 573 663 suae
607 614 694 662 sacra
728 596 886 679 generalia
918 596 958 660 ad
989 595 1158 658 uniuersos
1186 592 1354 675 episcopos

209 707 378 783 destinare,
411 706 442 769 in
477 706 593 788 quibus
627 702 786 787 significet
819 722 916 784 supra
943 702 1028 766 dicta
1051 720 1085 765 ss
1110 703 1142 765 et
1165 699 1289 763 credere
1323 702 1356 763 et

209 812 385 891 uindicare;
415 812 649 877 consentientes
679 810 775 875 etiam
804 809 946 893 episcopi
968 808 1000 872 in
1029 807 1163 873 ecclesia
1191 810 1355 889 praesente

207 920 300 1001 plebe
325 918 504 985 Christiana
527 918 604 983 haec
627 916 807 1000 praedicare
830 916 959 981 debent:
985 914 1134 996 amplecti
1159 932 1193 977 se
1214 916 1356 977 sanctam

209 1026 365 1110 synodum
391 1024 656 1091 Calcedonensem
676 1026 709 1086 et
728 1022 879 1105 epistolas
899 1021 1095 1086 sanctissimi
1112 1039 1212 1102 papae
1232 1020 1356 1095 Leonis,
1388 1041 1402 1081 s

209 1151 289 1215 quas
313 1131 443 1213 scripsit
470 1134 563 1195 conta
586 1129 763 1193 haereticos
786 1128 970 1192 Nestorium
1005 1130 1038 1191 et
1059 1127 1235 1209 Eutychen,
1264 1125 1358 1191 Dios-

210 1256 330 1316 corum,
365 1238 421 1302 sed
449 1241 481 1302 et
509 1240 618 1301 contra
648 1254 802 1317 sequaces
831 1254 939 1300 eorum
968 1234 1172 1299 Timotheum
1200 1234 1356 1308 llllurum,

209 1345 342 1409 Petrum
370 1344 423 1408 uel
453 1345 561 1407 contra
589 1362 654 1419 eos,
683 1343 738 1424 qui
766 1342 798 1405 in
825 1342 895 1424 ipsa
923 1360 1019 1405 causa
1047 1343 1193 1404 tenentur
1220 1339 1358 1412 obnorii,

210 1450 308 1515 simul
337 1450 432 1515 etiam
462 1454 493 1515 et
524 1449 687 1522 Acacium,
717 1449 772 1530 qui
801 1447 956 1531 quondam
991 1445 1359 1527 Constantinopolitanae
1504 1523 1505 1530 ἵ

212 1558 368 1621 ecclesiae
404 1557 467 1621 fuit
507 1557 687 1639 episcopus,
725 1555 781 1619 sed
818 1558 851 1620 et
886 1555 1017 1619 Petrum
1054 1557 1087 1617 et
1122 1552 1358 1617 Antiochenum
1377 1574 1405 1614 m
1504 1545 1505 1634 3

214 1662 516 1728 anathematizantes
541 1682 612 1727 cum
638 1663 733 1727 sociis
758 1682 877 1727 eorum.
903 1663 982 1726 haec
1004 1680 1100 1725 manu
1123 1660 1249 1742 propria
1271 1678 1360 1741 prae·

212 1770 355 1834 sentibus
376 1770 485 1834 electis
504 1770 582 1835 uiris
602 1769 837 1834 uenerabilibus
857 1769 1031 1833 scribentes
1047 1768 1170 1832 faciunt
1184 1765 1358 1830 secundum

212 1880 332 1941 textum
357 1877 467 1955 libelli,
492 1896 586 1959 quem
609 1896 666 1959 per
688 1878 827 1942 notarios
851 1880 977 1941 nostros
1001 1874 1170 1941 edidimus.

168 1983 188 2044 2
256 1984 291 2047 In
316 1984 444 2048 erilium
469 1983 650 2065 deportatos
670 2003 725 2066 pro
746 2002 843 2048 causa
861 1984 1079 2048 ecclesiastica
1097 1982 1137 2046 ad
1162 1979 1358 2045 audientiam

138 2124 139 2128 =
214 2088 298 2153 sedis
323 2090 516 2172 apostolicae
544 2088 749 2169 reuocandos,
773 2092 810 2153 ut
832 2089 984 2154 iudicium
1010 2090 1043 2152 et
1064 2106 1142 2152 uera
1168 2084 1405 2151 examinatius

214 2196 252 2259 ds
276 2196 326 2260 his
350 2196 457 2261 haberi
486 2196 599 2279 possit,
624 2196 729 2261 itaut
753 2216 850 2261 causa
877 2215 985 2260 eorum
1007 2194 1206 2277 inquisitioni
1234 2194 1359 2276 integra

213 2306 402 2367 reseruetur.
416 2302 443 2367 si
454 2302 507 2385 qui
517 2320 593 2366 uero
604 2302 672 2367 sedi
682 2303 875 2385 apostolicae
886 2302 1156 2367 communicantes
1167 2299 1357 2363 catholicam

215 2408 310 2473 fidem
338 2410 558 2492 praedicantes
588 2414 681 2492 atque
705 2415 875 2493 sequentes
901 2410 1005 2494 fugati
1033 2411 1108 2472 sunt
1134 2406 1187 2471 uel
1209 2406 1241 2469 iu
1265 2404 1358 2469 exilio

215 2514 405 2598 detinentur,
429 2517 487 2580 hos
510 2517 632 2582 iustum
657 2520 707 2581 est
731 2521 802 2581 ante
826 2516 930 2580 omnia
953 2516 1103 2580 reuocari.

169 2617 190 2679 3
259 2622 426 2686 Praeterea
463 2641 543 2704 quae
579 2623 695 2706 legatis
732 2622 815 2686 inter
851 2623 973 2704 reliqua
1009 2621 1218 2685 iniunximus:
1257 2621 1295 2682 ut
1331 2617 1359 2681 si
1379 2640 1408 2682 ao

214 2728 383 2812 contigerit
398 2729 523 2793 libellos
543 2729 661 2813 porrigi
681 2730 833 2794 aduersus
853 2749 907 2794 eos
928 2729 1104 2812 episcopos
1125 2727 1179 2809 qui
1198 2727 1359 2810 persecuti
1504 2716 1505 2723 '

213 2839 289 2900 sunt
322 2835 505 2913 catholicoe,
540 2835 577 2899 de
610 2836 660 2899 his
689 2836 843 2900 iudicium
876 2836 942 2899 sedi
977 2835 1170 2918 apostolic-ae
1203 2841 1360 2907 seruetur,

213 2945 250 3006 ut
274 2943 356 3006 eirca
380 2961 434 3006 eos
458 2943 709 3007 uenerandorum
732 2945 859 3025 patrum
883 2941 1008 3024 possint
1031 2941 1205 3006 constituta
1228 2939 1360 3014 seruari,

211 3068 268 3131 per
292 3069 372 3132 quae
396 3048 572 3114 aedificatio
597 3049 797 3134 generalitati
820 3050 995 3132 proueniat.

708 3191 789 3275 (rra
811 3191 860 3275 u.)
1380 3209 1407 3249 a

212 3335 372 3380 EXELPLL'H
386 3335 504 3380 LIBELLI
521 3336 579 3380 Pan
593 3336 752 3380 ENn'onlru
769 3336 808 3379 Er
827 3335 846 3379 F
849 3336 1033 3379 ourrxsrl'h
1051 3333 1219 3378 EPlSCOPOS
1238 3332 1362 3376 UENAN·

249 3443 321 3487 ulu'u
343 3442 564 3487 Pusssrruabn
587 3443 722 3486 ulrnnsu
744 3441 907 3486 olncon't'n
929 3442 968 3485 Er
992 3441 1127 3485 fllaaut'll
1150 3439 1319 3484 norhala-'m

255 3547 363 3610 Prima
387 3547 476 3611 salus
501 3549 549 3610 est
573 3549 676 3610 rectae
700 3545 774 3609 fidei
797 3546 940 3630 regulam
965 3545 1125 3609 custodire
1150 3547 1182 3608 et
1205 3543 1360 3607 aconsti-

209 3653 290 3718 tutis
314 3658 439 3735 patrum
473 3654 655 3717 nullatenus
681 3652 818 3718 deniare.
843 3655 875 3716 et
898 3653 974 3734 quia
1004 3671 1067 3716 nou
1098 3654 1207 3734 potest
1239 3649 1361 3714 domiui

247 3871 259 3922 1
281 3874 344 3924 tuae
369 3869 401 3932 V,
421 3885 488 3924 corr.
509 3887 523 3938 ρ
574 3870 661 3944 6<et>
674 3870 834 3923 Dioscorum
856 3869 920 3923 Car.
973 3869 1006 3923 10
1025 3871 1053 3922 et
1071 3868 1196 3924 Antioch.
1222 3867 1258 3921 V:
1279 3870 1364 3922 etiam

208 3958 371 4012 Antiocho
410 3961 443 4012 12
463 3959 565 4012 iaciant
584 3957 611 4027 p²
653 3959 686 4012 13
706 3960 840 4012 notarium
859 3962 983 4011 nostrum
1001 3957 1072 4011 Bar.
1115 3959 1148 4010 14
1167 3957 1306 4021 audientia
1330 3958 1364 4018 V,

208 4064 312 4102 corun
395 4050 428 4102 15
449 4053 479 4102 nt
499 4049 537 4117 pl:
559 4053 586 4101 et
610 4048 635 4100 V
720 4051 752 4102 16
772 4051 928 4117 integraeo
1010 4048 1045 4101 20
1064 4051 1258 4116 praetereaque
1282 4046 1365 4101 Tba'cl

209 4135 242 4189 22
263 4139 418 4188 reseruetur
435 4135 505 4189 Bar.
579 4137 613 4189 ‘25
633 4135 666 4189 cle
683 4136 734 4190 hoc
752 4135 903 4202 cuempiam·
922 4135 1009 4188 libelli
1026 4136 1092 4202 fidei
1110 4135 1146 4188 ub
1165 4151 1204 4193 eo,
1224 4136 1271 4202 qui
1288 4135 1365 4189 lacae

202 4231 313 4294 purtem
327 4223 486 4277 Aurelianae
507 4223 621 4292 colleqit,
641 4223 766 4276 indiculo
786 4223 894 4275 udaeao
915 4221 950 4287 cs.
970 4222 1172 4292 ‘Beitrripe...’
1181 4239 1211 4291 p.
1228 4227 1246 4275 4
1261 4222 1327 4276 udor.
1345 4226 1367 4276 2

205 4313 369 4366 addiscis
437 4313 560 4380 hylamrn
584 4312 611 4365 V
667 4313 700 4365 28
719 4316 793 4364 recte
818 4311 843 4363 V
