3025 4975
177 454 242 519 974
687 450 807 505 Index

178 643 309 699 Omnibus
328 644 446 713 negotiis
466 644 574 698 diuinae
593 660 635 697 res
654 643 859 714 praeponendae
903 686 1194 701 .........
1211 659 1252 712 ep.
1274 643 1325 697 109

178 731 344 802 Opinionem
364 733 508 787 diuersitas
527 731 574 785 diu
616 772 1193 789 .................
1210 747 1252 802 ap.
1272 732 1325 785 219

178 820 294 892 Oportet
312 822 409 876 armari
428 820 543 875 militem
581 863 1194 877 ..................
1211 837 1252 890 ep.
1290 820 1324 874 73

178 908 344 981 Oportuerat
362 911 469 979 quidem
488 910 689 965 fraternitatem
706 913 783 963 tuam
831 952 1194 966 ...........
1211 926 1252 978 ep.
1271 908 1326 962 204

178 998 339 1069 Optaremus
358 998 528 1053 dilectissimi
547 999 645 1052 fratres
687 1040 1195 1056 ...............
1211 1015 1252 1069 ep.
1274 998 1324 1053 123

178 1088 316 1159 Optimam
335 1086 558 1143 consuetudinem
577 1088 717 1158 praeteriti
735 1087 865 1157 temporis
902 1129 1195 1145 .........
1211 1103 1253 1157 ep.
1290 1086 1325 1139 85

178 1177 315 1247 Optimam
334 1180 440 1230 uestrae
460 1177 582 1231 caritatis
603 1176 747 1231 audientes
765 1176 924 1230 instantiam
940 1215 1196 1233 ........
1212 1192 1252 1246 ep.
1273 1175 1323 1229 131

179 1265 262 1321 Orare
281 1282 329 1319 nos
348 1269 377 1320 et
395 1282 443 1334 pro
463 1269 556 1319 uestra
573 1265 762 1319 incolomitate
795 1306 1194 1321 ............
1211 1278 1252 1332 ep.
1271 1264 1325 1318 203

178 1353 382 1408 Ordinariorum
401 1355 551 1407 sententias
570 1353 690 1409 iudicum
708 1357 756 1407 aut
774 1354 925 1425 temporum
944 1353 1022 1407 limes
1046 1394 1195 1409 .....
1211 1368 1253 1422 ep.
1292 1352 1325 1406 13

176 1531 307 1585 Paulinus
325 1532 368 1585 uir
384 1532 515 1585 honestus
534 1530 660 1584 defensor
687 1571 1195 1588 ...............
1211 1544 1252 1599 ep.
1275 1528 1325 1582 184

178 1620 231 1674 Per
248 1620 393 1691 Eulogium
412 1638 439 1677 u.
458 1637 481 1674 c.
499 1620 607 1673 litteras
653 1660 1195 1677 ................
1211 1634 1253 1689 ep.
1273 1618 1325 1671 224

177 1710 230 1764 Par
247 1708 332 1763 filiurn
351 1713 472 1763 nostrum
490 1707 657 1763 laudabilem
675 1709 764 1761 uirum
783 1708 963 1779 Epiphanium
1012 1750 1197 1766 ......
1213 1724 1254 1777 ep.
1291 1706 1325 1760 53

177 1797 338 1851 Peruenisse
357 1796 392 1850 ad
410 1797 610 1851 uenerationem
630 1800 706 1850 tuam
725 1800 799 1851 certa
832 1839 1195 1855 ...........
1212 1812 1254 1867 ep.
1291 1795 1325 1849 28

177 1886 300 1939 Petimus
313 1885 489 1939 clementiam
508 1888 627 1939 uestram
645 1885 762 1955 piissimi
795 1930 1194 1942 ............
1210 1902 1252 1955 ep.
1292 1886 1325 1938 17

177 1974 334 2029 Piissimum
352 1975 406 2029 iter
423 1974 459 2028 ad
476 1990 526 2028 nos
544 1974 719 2045 perueniendi
760 2016 1194 2029 .............
1211 1992 1253 2045 ep.
1290 1974 1325 2027 44

177 2065 313 2133 Populum
331 2063 405 2117 urbis
424 2066 550 2117 aeternae
568 2062 688 2132 gaudere
706 2062 850 2117 concordia
869 2104 1196 2119 ..........
1212 2078 1253 2132 ep.
1308 2063 1325 2115 4

177 2153 245 2207 Post
262 2153 423 2207 relationem
442 2152 620 2205 sublimitatis
638 2154 703 2205 tuae
722 2151 841 2205 delatam
869 2196 875 2207 .
905 2196 910 2205 .
941 2194 946 2205 .
976 2192 1007 2207 ..
1012 2194 1196 2207 ......
1213 2167 1253 2220 ap.
1293 2150 1325 2203 18

177 2242 360 2311 Posteaquam
379 2258 395 2294 a
412 2242 492 2296 nobis
512 2239 663 2295 Caelestius
681 2239 822 2310 presbyter
868 2282 1195 2295 ..........
1212 2256 1254 2310 ep.
1290 2240 1324 2293 46

178 2331 361 2398 Posteaquam
379 2330 526 2385 Dioscorus
543 2328 740 2383 Alexandrinus
760 2369 1194 2385 .............
1209 2328 1279 2398 App.
1298 2327 1325 2381 ll

178 2420 359 2489 Posteaquam
376 2418 499 2490 proiecta
518 2422 560 2472 eat
579 2418 678 2473 caritas
697 2421 789 2472 uestra
831 2459 1195 2475 ...........
1211 2434 1253 2488 ep.
1275 2418 1326 2471 134

178 2511 326 2578 Postquam
347 2507 412 2562 dens
430 2513 523 2562 noster
542 2509 672 2562 ecclesiae
688 2549 1195 2566 ...............
1212 2522 1254 2578 ep.
1275 2505 1325 2560 180

177 2598 307 2652 Precibus
326 2601 433 2651 uestrae
451 2596 629 2650 beatitudinis
648 2595 769 2650 aduentu
797 2637 1196 2653 ............
1213 2611 1254 2664 ep.
1276 2595 1326 2648 164

178 2686 269 2740 Prima
287 2686 360 2738 salus
380 2687 423 2738 est
440 2687 529 2738 rectae
548 2684 612 2738 fidei
656 2729 661 2739 .
691 2730 697 2742 .
731 2685 840 2755 ep.89;
860 2685 907 2748 90;
928 2683 1020 2749 1165;
1043 2684 1175 2750 159533
1199 2683 1269 2754 App.
1289 2683 1326 2737 IV

178 2773 302 2842 Propitia
320 2771 465 2826 diuinitate
485 2789 553 2842 quae
572 2787 677 2842 semper
692 2814 1196 2830 ...............
1213 2787 1255 2841 ep.
1277 2771 1326 2826 181

179 2861 317 2932 Propositi
336 2861 423 2914 nostri
442 2865 471 2914 et
489 2861 620 2915 orationis
639 2865 682 2915 est
727 2902 1197 2917 ..............
1213 2877 1255 2930 ep.
1275 2859 1327 2914 208

179 2951 302 3004 Proxime
321 2949 432 3020 quidem
451 2967 510 3004 eum
529 2949 564 3004 ad
582 2949 674 3004 urbem
693 2949 778 3004 irater
800 2991 1198 3008 ............
1215 2966 1256 3020 ep.
1294 2950 1327 3003 64

179 3039 303 3094 Proxima
324 3038 433 3110 quidem
453 3039 594 3093 dilectioni
612 3044 677 3092 tuae
691 3080 1197 3095 ...............
1215 3054 1255 3108 ep.
1293 3039 1326 3092 65

181 3215 256 3283 Quae
273 3217 360 3286 prima
378 3218 443 3270 sunt
460 3220 524 3270 tuae
543 3215 706 3270 beatitudini
727 3259 1197 3274 ..............
1214 3231 1255 3285 ep.
1277 3214 1327 3270 198

181 3303 371 3376 Quaecumque
391 3304 441 3359 deo
461 3308 571 3360 auctora
589 3305 731 3359 firmantur
762 3347 1197 3362 .............
1214 3321 1255 3375 ep.
1293 3305 1327 3358 34

181 3392 372 3464 Quaecumque
390 3396 418 3448 in
438 3394 504 3448 urba
523 3395 609 3448 Roma
627 3399 757 3464 geruntur
775 3411 818 3449 me
836 3397 926 3449 tacere
942 3437 1198 3450 ........
1214 3409 1256 3464 ep.
1295 3395 1328 3447 14

181 3480 371 3554 Quaecumque
389 3484 480 3538 sabito
501 3484 576 3538 nullo
596 3484 723 3554 opinante
764 3525 1198 3540 .............
1215 3497 1256 3551 op.
1293 3481 1328 3534 29

182 3571 268 3637 Quam
286 3573 324 3625 sit
341 3572 435 3626 efficax
453 3573 666 3642 supplicantium
693 3614 1198 3629 ...............
1215 3587 1257 3640 ep.
1294 3569 1326 3623 61

182 3660 311 3725 Quamuis
330 3664 437 3730 patrum
456 3660 569 3714 traditio
589 3660 755 3730 apostolicae
774 3659 832 3714 sedi
872 3701 1199 3717 ..........
1215 3675 1256 3728 ep.
1294 3658 1328 3712 50

182 3749 310 3814 Quamuis
329 3765 377 3819 pro
396 3748 449 3802 loei
468 3749 554 3802 nostri
574 3749 791 3804 consideratione
836 3791 1198 3804 ...........
1215 3763 1256 3817 ap.
1278 3747 1328 3802 152

183 3836 312 3904 Quamuis
331 3854 411 3906 super
429 3839 548 3905 imagine
565 3838 689 3891 muliebri
730 3879 1199 3894 ..............
1216 3853 1257 3907 ep.
1295 3835 1329 3890 38

183 3926 295 3991 Quando
316 3925 382 3979 deus
400 3927 510 3996 propria
528 3927 664 3980 mirabilia
692 3967 1197 3983 ...............
1215 3941 1255 3995 op.
1278 3925 1326 3980 161

183 4013 291 4080 Quanta
309 4015 463 4068 reuerentia
480 4020 597 4069 uestram
615 4015 812 4069 beatitudinem
836 4057 1198 4071 ...........
1215 4031 1257 4083 ep.
1277 4013 1329 4068 200

183 4100 318 4167 Quantam
336 4104 506 4158 alacritatem
526 4109 574 4158 aut
592 4105 670 4174 qualo
693 4147 1199 4162 ...............
1216 4119 1258 4171 ep.
1279 4101 1329 4157 183

182 4191 318 4257 Quantam
336 4191 480 4246 habuimus
499 4192 666 4247 alacritatem
685 4208 736 4246 uos
764 4231 1198 4249 .............
1215 4207 1256 4260 ep.
1277 4190 1329 4245 233

184 4277 318 4344 Quantam
337 4282 537 4335 uenerationem
556 4281 695 4350 religionis
728 4321 1198 4338 ..............
1215 4295 1256 4348 ep.
1277 4279 1328 4334 235

184 4367 291 4431 Quanto
309 4369 452 4438 flagramus
471 4369 562 4424 studio
581 4388 628 4440 pro
648 4369 808 4439 colligendis
836 4409 1199 4426 ...........
1215 4382 1257 4436 ep.
1278 4367 1327 4421 181
