3025 4975
223 451 290 514 696
577 445 723 499 Hormirda
740 444 894 499 Possessori
913 446 1039 515 episcopo

223 643 271 706 eis
297 641 456 707 excusatio
481 641 653 716 uideretur,
676 640 730 704 uel
753 657 809 723 pro
833 659 942 704 eornm
966 658 1059 721 prece
1077 640 1131 703 uel
1148 659 1205 721 pro
1226 639 1372 722 obsequii

227 747 392 812 occasione
420 745 570 810 reddendi
594 745 789 829 apostolatui
811 750 920 811 uestro
944 767 1000 829 per
1022 747 1182 811 lustinum
1206 746 1372 811 diaconem

224 873 331 918 meum
363 853 563 936 praesumpsi
596 853 701 935 apices
735 872 824 918 meae
856 852 1024 936 paruitatis
1061 854 1215 937 ingerere,
1252 853 1372 934 quibus

224 960 440 1043 principaliter
463 960 640 1026 orationum
664 963 845 1025 uestrarum
869 961 1031 1024 munimen
1050 979 1221 1041 exposcens
1241 978 1371 1042 quaeso,

223 1070 261 1131 nt
298 1066 510 1144 consulentes,
549 1067 625 1149 quid
663 1067 700 1131 de
739 1068 872 1150 praefati
911 1067 1050 1133 auctoris
1084 1067 1179 1131 dictis
1212 1067 1370 1143 uideatur,
1404 1088 1417 1127 a

224 1175 413 1239 auctoritate
442 1175 636 1256 apostolicae
663 1175 880 1256 responsionis
910 1178 1094 1258 agnoscant,
1122 1175 1256 1238 maxime
1285 1174 1371 1256 qnod

222 1280 282 1344 filii
305 1301 431 1362 quoque
456 1281 556 1346 uestri
578 1281 725 1364 magistri
750 1281 889 1345 militum
914 1280 1094 1346 Uitalianus
1118 1299 1153 1344 ac
1173 1279 1371 1345 Iustinianns

223 1388 390 1469 praecipue
415 1407 510 1469 super
532 1387 590 1452 hac
614 1407 646 1452 re
670 1387 824 1469 rescripto
849 1386 1054 1452 beatitudinis
1078 1390 1203 1451 uestrae
1223 1387 1372 1451 similiter

177 1494 385 1558 5informari
415 1494 604 1563 desiderant.
634 1494 777 1558 codicem
811 1513 937 1577 quoque
970 1493 1204 1558 retractandum
1238 1494 1371 1558 antehac

224 1599 374 1665 direxisse
400 1621 450 1666 me
473 1601 603 1666 memini
627 1603 842 1666 continentem
865 1602 950 1666 beati
974 1600 1068 1664 Pauli
1091 1601 1227 1682 apostoli
1251 1600 1370 1684 episto·
1389 1621 1415 1659 ro

223 1709 325 1772 larum
354 1708 598 1789 explanationes,
626 1727 683 1790 pro
713 1728 775 1791 quo
803 1708 957 1789 rescripto
986 1708 1138 1791 gratulari
1166 1726 1226 1771 non
1256 1708 1367 1773 merui.

223 1815 305 1878 unde
339 1815 437 1880 simili
468 1833 561 1898 prece
596 1815 742 1898 deposco,
777 1819 814 1880 ut
845 1814 1099 1898 praerogatiuam
1136 1812 1367 1877 benedictionis

223 1925 348 1985 uestrae
375 1922 580 2002 competenti
616 1923 821 2004 responsione
857 1941 979 1986 merear
1015 1919 1159 2002 adipisci.
1228 1921 1370 2002 Accepta

221 2029 290 2092 XV.
315 2027 386 2092 Kal.
411 2031 493 2112 Aug.
517 2028 664 2102 Rusticio
690 2047 776 2094 cons.

739 2218 848 2301 (231.)
1386 2261 1410 2300 15

267 2363 423 2408 nonnrsnn
446 2363 628 2408 rossussonr
651 2361 812 2408 nrrscono.
883 2343 974 2409 Sicut
1000 2343 1116 2407 rationi
1145 2345 1301 2428 congruit,
1330 2350 1368 2410 ut

221 2451 392 2516 consulant
420 2449 627 2534 ambigentes,
655 2449 701 2514 ita
728 2468 784 2533 par
808 2453 857 2515 est
880 2449 1067 2533 respondere
1091 2450 1267 2529 consultos,
1293 2454 1367 2535 quia

222 2557 290 2640 ipse
323 2557 462 2639 impellit
493 2557 523 2621 in
558 2577 705 2636 errorem,
738 2558 792 2640 qui
825 2577 886 2622 non
914 2558 1044 2623 instruit
1070 2559 1280 2642 ignorantem,
1309 2578 1366 2624 nec

222 2665 391 2747 quicquam
408 2664 513 2746 aptius
530 2666 579 2728 est
593 2664 738 2729 studioso
753 2664 918 2743 religionis
929 2684 1023 2746 quam
1033 2663 1197 2746 inquisitio
1207 2665 1364 2744 ueritatis,

86 2854 89 2867 Ι
223 2771 345 2852 quando
379 2770 507 2835 facilins
541 2770 669 2835 denium
701 2771 794 2845 uitat,
828 2771 882 2853 qui
915 2771 976 2835 iter
1006 2790 1063 2853 per
1091 2772 1175 2854 quod
1204 2772 1407 2855 gradiaturn

174 2882 196 2942 2
219 2880 320 2961 rogat.
345 2877 402 2941 sed
424 2877 610 2959 prinsquam
634 2876 843 2960 respondendi
868 2893 976 2941 curam
999 2876 1037 2940 de
1056 2877 1116 2954 his,
1137 2896 1217 2959 quae
1237 2878 1365 2944 dilectio

221 2989 277 3048 tua
304 2986 517 3066 percontatur,
548 2983 723 3068 aggrediar,
746 2983 885 3048 libenter
908 2984 939 3046 in
963 2984 1079 3047 litteris
1103 2984 1168 3048 tuis
1192 2982 1268 3048 fidei
1291 2988 1365 3049 tuae

256 3192 272 3245 3
291 3178 347 3245 iniri
364 3192 497 3263 presumsi
520 3192 544 3243 V
597 3194 613 3246 9
633 3196 695 3245 ante
715 3192 784 3246 banc
808 3192 840 3255 V,
859 3208 928 3247 carr.
950 3192 1013 3246 Car.
1069 3194 1102 3246 12
1122 3192 1315 3261 praerogatiua
1332 3192 1365 3259 V,

218 3296 287 3337 corr.
311 3282 374 3335 Car.

255 3368 321 3426 281.
375 3370 443 3424 Dat.
465 3387 491 3424 a.
514 3362 575 3424 5'20
593 3370 637 3423 die
655 3370 796 3441 13‘Anp.,·
812 3370 958 3439 respondet
976 3370 1110 3439 epistulae
1129 3372 1198 3423 230.
1253 3370 1366 3424 Pmrana

220 3459 366 3528 epistulam
380 3458 467 3513 edidit
485 3476 518 3513 aa
536 3459 627 3513 codice
646 3466 670 3513 et
684 3466 792 3513 actuata
805 3476 891 3527 neqna
904 3476 938 3513 en
955 3460 982 3511 V
987 3459 1123 3528 pendam
1135 3458 1197 3513 Iob.
1215 3460 1367 3515 Cactlaena

215 3548 291 3602 inter
299 3564 385 3619 opera
399 3549 537 3603 Iohannis
550 3549 694 3603 Maxentii
710 3548 1009 3618 (Hagenoniae1520)
1022 3548 1071 3615 sol.
1081 3565 1163 3602 xxvrrr
1172 3552 1218 3615 (=
1228 3548 1268 3619 θ).
1277 3550 1365 3603 narba

216 3654 303 3705 napae
323 3638 362 3690 acl
378 3638 490 3691 initian
507 3638 527 3709 §
545 3642 582 3691 10
601 3638 636 3691 ab
655 3640 716 3706 ipso
736 3638 903 3704 adferantur
920 3638 1069 3692 Maxentio
1086 3639 1119 3691 in
1137 3642 1269 3698 tractata.
1287 3654 1364 3707 pisan

219 3740 253 3779 ea
275 3726 365 3779 codam
389 3726 480 3779 codice
506 3726 657 3781 Cocblaana
679 3726 767 3780 edidit
788 3727 856 3779 ibid.
883 3726 932 3791 fol.
961 3742 1019 3778 xxrx
1048 3732 1093 3791 (ε
1121 3729 1166 3795 pu,-
1193 3726 1227 3792 cf.
1256 3725 1363 3796 Protea

218 3829 280 3882 cap.
304 3816 364 3868 Ill.
393 3831 407 3868 a
435 3815 513 3869 tibris
548 3816 715 3869 sansadonia
747 3816 905 3869 Arrellanae
945 3815 987 3869 ed.
1022 3814 1086 3869 Car.
1117 3814 1149 3867 Ρ
1184 3818 1255 3879 538,
1287 3832 1362 3883 praem

217 3903 304 3957 secati
325 3909 390 3957 aunt
411 3903 481 3959 Bar.
506 3904 546 3958 ad
568 3921 594 3957 a.
622 3906 689 3969 520,
709 3908 759 3970 16;
785 3904 893 3958 Collect.
916 3904 1035 3971 Concit5
1056 3904 1138 3958 BTA
1156 3903 1178 3957 I
1195 3908 1267 3971 441,·
1286 3904 1364 3958 Tbiel

220 3994 287 4045 926.
344 3992 376 4047 16
395 3990 496 4062 Incipit
514 3993 630 4062 epistola
650 4010 718 4063 quae
738 3993 838 4047 dicitnr
856 4009 915 4046 esse
932 4009 1020 4062 papae
1039 3992 1181 4047 Ormisdae
1198 3992 1233 4046 ad
1251 3993 1360 4047 Posses·

217 4095 306 4133 aorem
332 4081 486 4151 episcopum
512 4082 633 4153 Aphrum
659 4083 706 4151 qui
734 4087 777 4136 eat
802 4081 1047 4152 Constantinopoli.
1073 4082 1260 4136 Dilectissimo
1285 4080 1361 4135 fratri

217 4168 371 4223 Possessori
391 4169 572 4225 Hormisdab
610 4173 642 4225 17
663 4171 852 4225 consolantis
922 4188 972 4241 par
990 4175 1033 4224 est
1050 4170 1101 4241 op:
1121 4180 1184 4240 pare
1209 4171 1235 4222 V
1270 4172 1303 4226 19
1321 4174 1360 4223 est

217 4258 309 4327 apt-ius
328 4266 393 4326 trop.
413 4259 453 4328 tp
498 4260 657 4313 coracinus
682 4260 719 4313 V:
738 4260 865 4314 facillime
883 4261 912 4320 θ.
932 4278 974 4315 om
1003 4278 1021 4329 μ
1075 4259 1187 4330 deniap
1240 4277 1288 4330 per
1306 4258 1357 4328 Vp:

217 4348 309 4399 card
381 4348 503 4417 graditur
522 4367 540 4417 p
594 4350 628 4401 22
647 4348 790 4417 adgrediar
807 4350 858 4419 tp:
879 4350 1054 4419 aggrediatur
1078 4350 1103 4402 V
