3025 4975
194 429 259 493 78ss
679 422 849 492 Appendices

194 641 250 705 pro
284 620 436 703 religione
469 620 594 684 fuerant
627 617 788 693 exerenda,
823 617 929 682 extitit
961 615 1213 697 contemptibilis
1247 619 1343 696 atque

194 728 366 811 despectus
395 729 427 790 et
455 728 511 790 aut
539 725 645 810 segnis
675 729 731 790 aut
759 724 909 788 fiduciam
936 743 999 788 non
1023 723 1141 788 habens
1164 723 1343 803 intimandi,

141 840 183 904 37
193 835 226 899 in
261 853 322 917 quo
356 853 412 916 per
443 832 564 916 regiam
597 831 763 896 ciuitatem
795 831 898 896 maior
934 831 1068 895 effectus
1106 833 1179 894 est?
1216 827 1344 894 Nathan

194 941 350 1024 propheta
372 931 478 1022 palam
500 940 693 1022 publiceque
716 939 749 1002 in
773 938 855 1003 facie
873 936 941 1021 regi
958 937 1064 1002 Dauid
1083 940 1116 1001 et
1134 937 1344 1002 commissum

193 1045 414 1130 pronuntiauit
451 1063 585 1109 errorem
624 1047 656 1108 et
692 1044 800 1127 ipsum
838 1041 1037 1109 commisisse
1074 1062 1136 1106 non
1174 1042 1276 1106 tacuit
1312 1045 1345 1106 et
1374 1064 1387 1104 s

195 1151 393 1218 confessione
423 1154 601 1217 comeatum
629 1153 860 1234 consequenter
888 1149 1039 1214 absoluit.
1067 1148 1122 1213 hic
1154 1151 1261 1212 autem
1294 1149 1346 1214 uir

194 1260 297 1324 bonus
318 1261 350 1324 et
369 1257 516 1323 sacerdos
537 1257 686 1342 egregius
705 1257 737 1320 in
757 1259 884 1321 tantum
903 1275 937 1320 se
957 1257 990 1320 et
1008 1274 1179 1340 suggerere
1198 1255 1345 1338 potuisse

195 1365 387 1430 monstrauit
410 1369 442 1430 et
465 1364 606 1429 noluisse
630 1363 838 1446 deprompsit,
862 1363 961 1428 immo
985 1362 1106 1427 lauisse
1124 1362 1287 1445 patefecit,
1307 1365 1345 1425 ut

196 1476 229 1536 et
255 1471 428 1554 imperator
456 1473 570 1535 cuncta
597 1490 630 1536 se
659 1489 696 1534 ex
721 1471 791 1535 eius
817 1470 958 1554 gessisse
981 1469 1115 1534 consilio
1138 1489 1199 1534 nou
1223 1471 1346 1533 taceret

196 1582 229 1642 et
251 1578 320 1660 ipse
345 1579 568 1662 imperatorem
591 1579 716 1662 magnis
740 1579 916 1662 praeconiis
936 1579 1077 1642 eleuaret
1094 1577 1157 1640 ista
1174 1577 1345 1642 facientem
1365 1597 1391 1637 ro

195 1705 328 1770 seseque
352 1685 502 1769 proderet
524 1685 574 1750 his
599 1685 729 1768 agendis
752 1684 849 1750 rebus
873 1685 974 1750 fuisse
995 1684 1191 1768 participem.

142 1807 183 1870 38
240 1791 302 1858 Sed
326 1795 406 1869 esto,
429 1792 609 1857 Kalendion
633 1792 833 1875 imperatoris
857 1811 969 1857 nomen
990 1790 1168 1868 abstulerit,
1187 1789 1344 1855 Iohannes

195 1899 331 1982 principi
362 1899 516 1964 mentitus
550 1898 650 1963 fuisse
682 1898 835 1962 iactetur:
870 1916 950 1980 quac
986 1900 1092 1961 tamen
1130 1915 1204 1960 cum
1241 1915 1345 1960 nouae

198 2009 305 2071 essent
333 2025 458 2084 causae,
487 2025 571 2070 noua
600 2004 710 2069 debuit
739 2003 956 2068 ecclesiastica
983 2004 1148 2086 prouenire
1172 2002 1343 2068 discussio.

195 2132 234 2178 an
263 2109 436 2201 [obiectio],
466 2113 521 2195 qui
548 2113 578 2176 in
608 2112 734 2177 homine
758 2112 948 2194 imperatore
970 2130 1121 2193 peccasse
1145 2109 1344 2186 dicebantur,
1364 2136 1390 2178 ιι

195 2221 284 2284 nulla
310 2219 542 2284 interueniente
571 2219 692 2304 synodo
722 2218 804 2283 deici
833 2218 1009 2282 debuerunt
1037 2220 1070 2281 et
1094 2217 1127 2280 in
1156 2216 1262 2294 deum,
1287 2218 1344 2299 qui

194 2344 340 2392 summus
382 2330 414 2390 et
455 2345 550 2391 uerus
594 2329 643 2391 est
684 2325 867 2406 imperator,
909 2325 1063 2390 Acacium
1104 2323 1345 2405 delinquentem

195 2434 413 2515 sinceramque
439 2433 695 2499 communionem
720 2430 821 2496 diuini
854 2431 1041 2497 sacramenti
1074 2429 1257 2496 studentem
1284 2431 1345 2495 mi-

195 2559 284 2605 scere
308 2558 381 2603 cum
404 2540 531 2622 perfidis
556 2538 731 2607 secundum
756 2539 923 2622 synodum,
949 2558 1011 2621 qua
1029 2538 1107 2603 baec
1126 2540 1175 2603 est
1194 2538 1347 2602 damnata

142 2646 335 2730 39pe1fidia,
359 2667 421 2713 non
446 2648 611 2731 oportebat
635 2649 783 2713 excludi?
808 2648 885 2729 quid
906 2666 963 2731 per
984 2651 1091 2713 totum
1114 2645 1277 2711 Orientem
1301 2646 1343 2710 da
1362 2673 1389 2713 eo

195 2754 369 2817 innumeris
412 2754 543 2819 urbibus
584 2754 671 2836 pulsi
712 2755 861 2820 catholici
903 2754 1083 2819 sacerdotes
1122 2757 1154 2819 et
1189 2754 1346 2819 haeretici

197 2859 384 2943 subrogati?
408 2879 510 2925 nouae
535 2864 619 2926 certe
644 2865 732 2925 crant
755 2880 870 2926 causae
890 2861 989 2926 ethis
1009 2864 1239 2943 consequenter
1257 2880 1346 2926 noua

196 2966 335 3051 synodus
369 2968 551 3033 debebatur.
586 2986 642 3033 our
673 2972 750 3034 tunc
782 2990 844 3035 non
876 2969 966 3034 uenit
997 2969 1029 3033 in
1062 2971 1212 3042 mentem,
1245 2967 1344 3032 utin

195 3073 314 3138 talibus
357 3075 463 3141 causis
504 3079 665 3158 peteretur
706 3095 724 3141 a
765 3075 907 3159 principe
949 3075 1056 3140 saltim
1098 3074 1346 3157 qualiscumque

196 3179 336 3263 synodus
379 3181 574 3259 celebranda,
617 3184 654 3245 ut
695 3200 896 3264 quocumque
936 3182 991 3247 uel
1037 3183 1176 3248 colorato
1221 3179 1391 3249 luticios

195 3286 373 3352 traditionis
402 3287 638 3353 ecclesiasticae
666 3287 787 3370 passim
815 3288 983 3371 pontifices
1006 3288 1189 3353 uiderentur
1211 3287 1344 3363 exclusi,

195 3412 256 3459 non
275 3396 381 3459 solum
400 3414 672 3477 quarumcumque
686 3394 813 3459 urbium
829 3394 1021 3473 sacerdotes,
1035 3394 1092 3461 sed
1105 3394 1345 3478 metropolitani

233 3622 246 3675 1
266 3622 403 3691 relegione
424 3619 514 3691 {idq2qi
599 3620 797 3677 contendebilis
817 3640 850 3677 aa
869 3620 1094 3677 contendibilisd
1167 3623 1183 3675 2
1204 3622 1345 3693 dispectus

196 3708 287 3780 fitq²q³
358 3710 443 3780 signis
463 3710 494 3780 βδ
531 3710 665 3765 tlaciem
679 3712 726 3777 iT,
744 3711 832 3771 faciae
850 3712 878 3781 q¹
916 3710 1078 3766 ‘lsacerdus
1097 3710 1129 3781 βδ
1166 3710 1288 3767 8fuisse
1307 3712 1346 3765 bi2

196 3798 426 3869 9imperatcred
482 3802 517 3855 10
534 3800 726 3871 praecomiisb
780 3802 899 3855 faciente
915 3800 970 3854 i⁸T
1023 3801 1056 3855 12
1073 3801 1200 3855 iohannis
1214 3798 1347 3871 fiboq²q²a³

197 3890 232 3943 14
250 3906 332 3943 causa
351 3887 381 3957 βδ
455 3890 551 3945 debuit
572 3891 607 3945 T:
628 3890 753 3946 debuerit
774 3891 859 3961 Qofibi
876 3890 1018 3961 (debueret
1035 3890 1073 3961 B)
1129 3892 1163 3944 15
1182 3907 1217 3944 an
1235 3908 1287 3945 cnr.
1306 3892 1348 3945 a'T

196 3978 244 4047 qui
260 3978 303 4033 c'T
320 3975 375 4046 (ssyr
398 3978 515 4033 obiectio
536 3980 581 4048 qui
604 3978 676 4050 ρυβδ
748 3980 885 4033 hominem
904 3977 1136 4049 imperatoremss
1201 3982 1235 4034 16
1254 3980 1344 4035 nulla·

195 4069 275 4121 tenus
295 4067 380 4133 (nulla
398 4070 490 4121 tamen
507 4066 541 4136 2¹³)
561 4070 702 4122 uenientes
719 4069 761 4123 a'T
850 4068 883 4122 17
902 4085 1023 4122 summus
1042 4072 1085 4122 est
1103 4073 1132 4123 et
1149 4085 1230 4123 uerus
1250 4073 1294 4123 est
1313 4068 1344 4140 βδ

197 4156 369 4224 sequana
446 4156 481 4211 20
499 4155 662 4227 perfidiaee
739 4160 773 4212 21
793 4158 943 4211 inmuneris
962 4155 1002 4227 βδ,
1021 4158 1170 4211 inhumatis
1193 4158 1226 4221 T,
1244 4159 1343 4213 initum

196 4244 249 4299 eris
266 4246 290 4299 ,a
343 4248 378 4301 22
397 4262 468 4301 noua
487 4243 521 4301 tt:
541 4264 594 4300 uus
612 4252 676 4311 (uno
697 4246 760 4317 illl
820 4246 854 4301 23
873 4247 994 4301 mentci
1065 4248 1101 4302 24
1119 4250 1259 4317 pateretur
1276 4247 1343 4317 q¹q²,

197 4332 351 4402 praetura
407 4336 440 4389 25
460 4334 505 4389 uel
523 4352 574 4389 om.
593 4336 635 4389 iT
