<?xml version="1.0" encoding="UTF-8"?>
<!DOCTYPE html PUBLIC "-//W3C//DTD XHTML 1.0 Transitional//EN"
    "http://www.w3.org/TR/xhtml1/DTD/xhtml1-transitional.dtd">
<html xmlns="http://www.w3.org/1999/xhtml" xml:lang="en" lang="en">
 <head>
  <title>
</title>
<meta http-equiv="Content-Type" content="text/html;charset=utf-8" />
  <meta name='ocr-system' content='tesseract 3.04.00' />
  <meta name='ocr-capabilities' content='ocr_page ocr_carea ocr_par ocr_line ocrx_word'/>
</head>
<body>
  <div class='ocr_page' id='page_1' title='image "./corpusscriptoru02wiengoog_0205.png"; bbox 0 0 3025 4975; ppageno 0'>
   <div class='ocr_carea' id='block_1_1' title="bbox 486 403 1313 476">
    <p class='ocr_par' dir='ltr' id='par_1_1' title="bbox 486 403 1313 476">
     <span class='ocr_line' id='line_1_1' title="bbox 486 403 1313 476; baseline 0.015 -17"><span class='ocrx_word' id='word_1_1' title='bbox 486 405 571 476; x_wconf 80' lang='lat' dir='ltr'><strong>Epist.</strong></span> <span class='ocrx_word' id='word_1_2' title='bbox 592 403 700 460; x_wconf 81' lang='lat' dir='ltr'>CCXXI</span> <span class='ocrx_word' id='word_1_3' title='bbox 718 404 735 457; x_wconf 79' lang='lat'>2</span> <span class='ocrx_word' id='word_1_4' title='bbox 754 433 788 444; x_wconf 86' lang='lat'><em>-</em></span> <span class='ocrx_word' id='word_1_5' title='bbox 808 403 944 458; x_wconf 80' lang='lat' dir='ltr'>CCXXIII</span> <span class='ocrx_word' id='word_1_6' title='bbox 961 405 988 458; x_wconf 83' lang='lat'><strong>4.</strong></span> <span class='ocrx_word' id='word_1_7' title='bbox 1244 407 1313 470; x_wconf 84' lang='grc'><strong>683</strong></span> 
     </span>
    </p>
   </div>
   <div class='ocr_carea' id='block_1_2' title="bbox 168 596 1313 900">
    <p class='ocr_par' dir='ltr' id='par_1_2' title="bbox 168 596 1313 900">
     <span class='ocr_line' id='line_1_2' title="bbox 168 596 1313 682; baseline -0.003 -16"><span class='ocrx_word' id='word_1_8' title='bbox 168 607 203 666; x_wconf 93' lang='lat' dir='ltr'><strong>ut</strong></span> <span class='ocrx_word' id='word_1_9' title='bbox 220 602 425 667; x_wconf 88' lang='lat' dir='ltr'><strong>beatitudinis</strong></span> <span class='ocrx_word' id='word_1_10' title='bbox 446 604 571 666; x_wconf 87' lang='lat' dir='ltr'><strong>uestrae</strong></span> <span class='ocrx_word' id='word_1_11' title='bbox 589 600 718 665; x_wconf 90' lang='lat' dir='ltr'><strong>insistat</strong></span> <span class='ocrx_word' id='word_1_12' title='bbox 736 602 845 676; x_wconf 89' lang='lat' dir='ltr'><strong>oratio,</strong></span> <span class='ocrx_word' id='word_1_13' title='bbox 865 601 1022 680; x_wconf 88' lang='lat' dir='ltr'><strong>quatenus</strong></span> <span class='ocrx_word' id='word_1_14' title='bbox 1042 596 1169 663; x_wconf 88' lang='lat' dir='ltr'><strong>diuinae</strong></span> <span class='ocrx_word' id='word_1_15' title='bbox 1189 599 1313 682; x_wconf 84' lang='lat' dir='ltr'><strong>gratiae</strong></span> 
     </span>
     <span class='ocr_line' id='line_1_3' title="bbox 169 705 1312 790; baseline -0.001 -17"><span class='ocrx_word' id='word_1_16' title='bbox 169 709 320 774; x_wconf 89' lang='lat' dir='ltr'><strong>adiutorio</strong></span> <span class='ocrx_word' id='word_1_17' title='bbox 334 709 409 773; x_wconf 89' lang='lat' dir='ltr'><strong>talis</strong></span> <span class='ocrx_word' id='word_1_18' title='bbox 426 711 579 790; x_wconf 88' lang='lat' dir='ltr'><strong>erumpat,</strong></span> <span class='ocrx_word' id='word_1_19' title='bbox 599 725 656 790; x_wconf 92' lang='lat' dir='ltr'><strong>per</strong></span> <span class='ocrx_word' id='word_1_20' title='bbox 675 725 771 788; x_wconf 88' lang='lat' dir='ltr'><strong>quem</strong></span> <span class='ocrx_word' id='word_1_21' title='bbox 789 705 827 770; x_wconf 90' lang='lat' dir='ltr'><strong>de</strong></span> <span class='ocrx_word' id='word_1_22' title='bbox 846 706 988 788; x_wconf 86' lang='lat' dir='ltr'><strong>perfecta</strong></span> <span class='ocrx_word' id='word_1_23' title='bbox 1004 705 1168 788; x_wconf 88' lang='lat' dir='ltr'><strong>possimus</strong></span> <span class='ocrx_word' id='word_1_24' title='bbox 1187 706 1312 772; x_wconf 87' lang='lat' dir='ltr'><strong>unitate</strong></span> 
     </span>
     <span class='ocr_line' id='line_1_4' title="bbox 169 812 1143 900; baseline -0.004 -21"><span class='ocrx_word' id='word_1_25' title='bbox 169 817 310 900; x_wconf 84' lang='lat' dir='ltr'><strong>gaudere.</strong></span> <span class='ocrx_word' id='word_1_26' title='bbox 379 817 518 898; x_wconf 83' lang='lat' dir='ltr'><strong>Accepta</strong></span> <span class='ocrx_word' id='word_1_27' title='bbox 542 814 612 878; x_wconf 89' lang='lat' dir='ltr'><strong>Vll.</strong></span> <span class='ocrx_word' id='word_1_28' title='bbox 635 813 713 878; x_wconf 93' lang='lat' dir='ltr'><strong>ldus</strong></span> <span class='ocrx_word' id='word_1_29' title='bbox 736 813 862 894; x_wconf 78' lang='lat' dir='ltr'><strong>Apriles</strong></span> <span class='ocrx_word' id='word_1_30' title='bbox 886 812 1032 877; x_wconf 89' lang='lat' dir='ltr'><strong>Rustioio</strong></span> <span class='ocrx_word' id='word_1_31' title='bbox 1056 831 1143 876; x_wconf 90' lang='lat' dir='ltr'><strong>cons.</strong></span> 
     </span>
    </p>
   </div>
   <div class='ocr_carea' id='block_1_3' title="bbox 683 1008 792 1092">
    <p class='ocr_par' dir='ltr' id='par_1_3' title="bbox 683 1008 792 1092">
     <span class='ocr_line' id='line_1_5' title="bbox 683 1008 792 1092; baseline 0.018 -20"><span class='ocrx_word' id='word_1_32' title='bbox 683 1008 792 1092; x_wconf 83' lang='lat' dir='ltr'><strong>(aaa.)</strong></span> 
     </span>
    </p>
   </div>
   <div class='ocr_carea' id='block_1_4' title="bbox 140 1151 1311 1328">
    <p class='ocr_par' dir='ltr' id='par_1_4' title="bbox 140 1151 1311 1328">
     <span class='ocr_line' id='line_1_6' title="bbox 140 1151 1311 1200; baseline 0 -2"><span class='ocrx_word' id='word_1_33' title='bbox 140 1155 236 1198; x_wconf 71' lang='lat' dir='ltr'><strong>tlTE!</strong></span> <span class='ocrx_word' id='word_1_34' title='bbox 262 1152 432 1198; x_wconf 70' lang='lat' dir='ltr'><strong>suessano</strong></span> <span class='ocrx_word' id='word_1_35' title='bbox 464 1151 603 1198; x_wconf 78' lang='lat' dir='ltr'>GERIIANI</span> <span class='ocrx_word' id='word_1_36' title='bbox 630 1151 669 1196; x_wconf 75' lang='lat' dir='ltr'><strong>ET</strong></span> <span class='ocrx_word' id='word_1_37' title='bbox 698 1151 849 1197; x_wconf 77' lang='lat' dir='ltr'>IOHANNIS</span> <span class='ocrx_word' id='word_1_38' title='bbox 876 1153 1089 1200; x_wconf 67' lang='lat' dir='ltr'><strong>episcoporum</strong></span> <span class='ocrx_word' id='word_1_39' title='bbox 1115 1153 1236 1198; x_wconf 75' lang='lat' dir='ltr'>FELICIS</span> <span class='ocrx_word' id='word_1_40' title='bbox 1268 1154 1311 1198; x_wconf 74' lang='lat' dir='ltr'><strong>En</strong></span> 
     </span>
     <span class='ocr_line' id='line_1_7' title="bbox 336 1257 1134 1328; baseline 0.003 -24"><span class='ocrx_word' id='word_1_41' title='bbox 336 1257 481 1304; x_wconf 76' lang='lat' dir='ltr'><strong>ploscont</strong></span> <span class='ocrx_word' id='word_1_42' title='bbox 503 1257 706 1304; x_wconf 77' lang='lat' dir='ltr'><strong>placonoaun</strong></span> <span class='ocrx_word' id='word_1_43' title='bbox 728 1259 768 1328; x_wconf 67' lang='lat' dir='ltr'>EI</span> <span class='ocrx_word' id='word_1_44' title='bbox 792 1258 910 1304; x_wconf 79' lang='lat' dir='ltr'>BIANDI</span> <span class='ocrx_word' id='word_1_45' title='bbox 931 1259 1134 1307; x_wconf 75' lang='lat' dir='ltr'><strong>Pnusnraunl.</strong></span> 
     </span>
    </p>
   </div>
   <div class='ocr_carea' id='block_1_5' title="bbox 123 1363 1355 3692">
    <p class='ocr_par' dir='ltr' id='par_1_5' title="bbox 168 1363 1311 1661">
     <span class='ocr_line' id='line_1_8' title="bbox 207 1363 1310 1446; baseline 0 -16"><span class='ocrx_word' id='word_1_46' title='bbox 207 1363 276 1430; x_wconf 90' lang='lat' dir='ltr'><strong>Nou</strong></span> <span class='ocrx_word' id='word_1_47' title='bbox 313 1364 467 1430; x_wconf 87' lang='lat' dir='ltr'><strong>miramur</strong></span> <span class='ocrx_word' id='word_1_48' title='bbox 503 1363 700 1446; x_wconf 88' lang='lat' dir='ltr'><strong>apostolatus</strong></span> <span class='ocrx_word' id='word_1_49' title='bbox 742 1365 855 1428; x_wconf 87' lang='lat' dir='ltr'><strong>uestri</strong></span> <span class='ocrx_word' id='word_1_50' title='bbox 878 1366 1027 1446; x_wconf 91' lang='lat' dir='ltr'><strong>precibus</strong></span> <span class='ocrx_word' id='word_1_51' title='bbox 1066 1369 1181 1430; x_wconf 87' lang='lat' dir='ltr'><strong>cuncta</strong></span> <span class='ocrx_word' id='word_1_52' title='bbox 1216 1366 1310 1431; x_wconf 90' lang='lat' dir='ltr'><strong>uobis</strong></span> 
     </span>
     <span class='ocr_line' id='line_1_9' title="bbox 168 1470 1311 1554; baseline 0.003 -19"><span class='ocrx_word' id='word_1_53' title='bbox 168 1490 311 1554; x_wconf 86' lang='lat' dir='ltr'><strong>prospera</strong></span> <span class='ocrx_word' id='word_1_54' title='bbox 335 1471 541 1548; x_wconf 77' lang='lat' dir='ltr'><strong>successisse,</strong></span> <span class='ocrx_word' id='word_1_55' title='bbox 567 1471 715 1548; x_wconf 85' lang='lat' dir='ltr'><strong>scientes,</strong></span> <span class='ocrx_word' id='word_1_56' title='bbox 739 1470 824 1554; x_wconf 90' lang='lat' dir='ltr'><strong>quod</strong></span> <span class='ocrx_word' id='word_1_57' title='bbox 844 1470 982 1554; x_wconf 88' lang='lat' dir='ltr'><strong>amplius</strong></span> <span class='ocrx_word' id='word_1_58' title='bbox 1002 1475 1111 1538; x_wconf 86' lang='lat' dir='ltr'><strong>nostro</strong></span> <span class='ocrx_word' id='word_1_59' title='bbox 1130 1471 1311 1539; x_wconf 89' lang='lat' dir='ltr'><strong>ministerio</strong></span> 
     </span>
     <span class='ocr_line' id='line_1_10' title="bbox 168 1577 1308 1661; baseline 0.003 -19"><span class='ocrx_word' id='word_1_60' title='bbox 168 1582 271 1644; x_wconf 88' lang='lat' dir='ltr'><strong>uestra</strong></span> <span class='ocrx_word' id='word_1_61' title='bbox 288 1597 344 1661; x_wconf 92' lang='lat' dir='ltr'><strong>pro</strong></span> <span class='ocrx_word' id='word_1_62' title='bbox 364 1578 455 1642; x_wconf 89' lang='lat' dir='ltr'><strong>uobis</strong></span> <span class='ocrx_word' id='word_1_63' title='bbox 475 1577 616 1642; x_wconf 80' lang='lat' dir='ltr'><strong>elaboret</strong></span> <span class='ocrx_word' id='word_1_64' title='bbox 634 1578 743 1643; x_wconf 88' lang='lat' dir='ltr'><strong>oratio.</strong></span> <span class='ocrx_word' id='word_1_65' title='bbox 765 1578 812 1642; x_wconf 84' lang='lat' dir='ltr'><strong>ita</strong></span> <span class='ocrx_word' id='word_1_66' title='bbox 830 1579 916 1642; x_wconf 89' lang='lat' dir='ltr'><strong>enim</strong></span> <span class='ocrx_word' id='word_1_67' title='bbox 933 1581 1023 1644; x_wconf 88' lang='lat' dir='ltr'><strong>totus</strong></span> <span class='ocrx_word' id='word_1_68' title='bbox 1043 1598 1077 1644; x_wconf 90' lang='lat' dir='ltr'><strong>se</strong></span> <span class='ocrx_word' id='word_1_69' title='bbox 1097 1580 1308 1645; x_wconf 86' lang='lat' dir='ltr'><strong>ecclesiastici</strong></span> 
     </span>
    </p>

    <p class='ocr_par' dir='ltr' id='par_1_6' title="bbox 130 1684 1312 2086">
     <span class='ocr_line' id='line_1_11' title="bbox 130 1684 1312 1770; baseline 0.003 -22"><span class='ocrx_word' id='word_1_70' title='bbox 130 1709 151 1748; x_wconf 76' lang='grc' dir='ltr'><strong>ιο</strong></span> <span class='ocrx_word' id='word_1_71' title='bbox 168 1684 284 1768; x_wconf 83' lang='lat' dir='ltr'><strong>negotii</strong></span> <span class='ocrx_word' id='word_1_72' title='bbox 311 1684 388 1749; x_wconf 89' lang='lat' dir='ltr'><strong>tulit</strong></span> <span class='ocrx_word' id='word_1_73' title='bbox 417 1687 560 1760; x_wconf 73' lang='lat' dir='ltr'><strong>euentus</strong></span> <span class='ocrx_word' id='word_1_74' title='bbox 589 1686 626 1749; x_wconf 92' lang='lat' dir='ltr'><strong>ut</strong></span> <span class='ocrx_word' id='word_1_75' title='bbox 654 1684 792 1749; x_wconf 89' lang='lat' dir='ltr'><strong>dubitari</strong></span> <span class='ocrx_word' id='word_1_76' title='bbox 819 1703 880 1750; x_wconf 88' lang='lat' dir='ltr'><strong>non</strong></span> <span class='ocrx_word' id='word_1_77' title='bbox 908 1686 1012 1768; x_wconf 82' lang='lat' dir='ltr'><strong>possit</strong></span> <span class='ocrx_word' id='word_1_78' title='bbox 1034 1685 1120 1751; x_wconf 88' lang='lat' dir='ltr'><strong>beati</strong></span> <span class='ocrx_word' id='word_1_79' title='bbox 1142 1687 1230 1751; x_wconf 85' lang='lat' dir='ltr'><strong>Petri</strong></span> <span class='ocrx_word' id='word_1_80' title='bbox 1253 1706 1312 1770; x_wconf 89' lang='lat' dir='ltr'><strong>per</strong></span> 
     </span>
     <span class='ocr_line' id='line_1_12' title="bbox 168 1790 1307 1878; baseline 0.002 -22"><span class='ocrx_word' id='word_1_81' title='bbox 168 1791 290 1878; x_wconf 86' lang='lat' dir='ltr'><strong>singula</strong></span> <span class='ocrx_word' id='word_1_82' title='bbox 312 1791 498 1874; x_wconf 88' lang='lat' dir='ltr'><strong>prouenisse</strong></span> <span class='ocrx_word' id='word_1_83' title='bbox 521 1790 727 1855; x_wconf 84' lang='lat' dir='ltr'><strong>miraculum:</strong></span> <span class='ocrx_word' id='word_1_84' title='bbox 748 1790 898 1874; x_wconf 89' lang='lat' dir='ltr'><strong>primurn,</strong></span> <span class='ocrx_word' id='word_1_85' title='bbox 919 1792 1004 1875; x_wconf 91' lang='lat' dir='ltr'><strong>quod</strong></span> <span class='ocrx_word' id='word_1_86' title='bbox 1022 1795 1147 1856; x_wconf 90' lang='lat' dir='ltr'><strong>tantum</strong></span> <span class='ocrx_word' id='word_1_87' title='bbox 1165 1794 1197 1858; x_wconf 91' lang='lat' dir='ltr'><strong>in</strong></span> <span class='ocrx_word' id='word_1_88' title='bbox 1216 1793 1307 1877; x_wconf 88' lang='lat' dir='ltr'><strong>ipsis,</strong></span> 
     </span>
     <span class='ocr_line' id='line_1_13' title="bbox 168 1897 1309 1983; baseline 0.002 -21"><span class='ocrx_word' id='word_1_89' title='bbox 168 1899 217 1982; x_wconf 89' lang='lat' dir='ltr'><strong>qui</strong></span> <span class='ocrx_word' id='word_1_90' title='bbox 249 1899 403 1983; x_wconf 76' lang='lat' dir='ltr'><strong>dignitate</strong></span> <span class='ocrx_word' id='word_1_91' title='bbox 436 1899 622 1981; x_wconf 84' lang='lat' dir='ltr'><strong>iunguntur,</strong></span> <span class='ocrx_word' id='word_1_92' title='bbox 656 1897 838 1963; x_wconf 90' lang='lat' dir='ltr'><strong>inuenimus</strong></span> <span class='ocrx_word' id='word_1_93' title='bbox 875 1899 1040 1982; x_wconf 86' lang='lat' dir='ltr'><strong>religionis</strong></span> <span class='ocrx_word' id='word_1_94' title='bbox 1078 1900 1232 1979; x_wconf 88' lang='lat' dir='ltr'><strong>ardorem,</strong></span> <span class='ocrx_word' id='word_1_95' title='bbox 1271 1906 1309 1965; x_wconf 91' lang='lat' dir='ltr'><strong>ut</strong></span> 
     </span>
     <span class='ocr_line' id='line_1_14' title="bbox 168 2003 1307 2086; baseline -0.001 -15"><span class='ocrx_word' id='word_1_96' title='bbox 168 2005 353 2081; x_wconf 80' lang='lat' dir='ltr'><strong>Uitalianus,</strong></span> <span class='ocrx_word' id='word_1_97' title='bbox 394 2003 567 2086; x_wconf 89' lang='lat' dir='ltr'><strong>Pompeius</strong></span> <span class='ocrx_word' id='word_1_98' title='bbox 606 2005 638 2067; x_wconf 89' lang='lat' dir='ltr'><strong>et</strong></span> <span class='ocrx_word' id='word_1_99' title='bbox 673 2003 870 2068; x_wconf 89' lang='lat' dir='ltr'><strong>Iustinianus</strong></span> <span class='ocrx_word' id='word_1_100' title='bbox 907 2004 1000 2069; x_wconf 90' lang='lat' dir='ltr'><strong>nobis</strong></span> <span class='ocrx_word' id='word_1_101' title='bbox 1037 2009 1239 2070; x_wconf 86' lang='lat' dir='ltr'><strong>occurrerent</strong></span> <span class='ocrx_word' id='word_1_102' title='bbox 1275 2005 1307 2070; x_wconf 92' lang='lat' dir='ltr'><strong>iu</strong></span> 
     </span>
    </p>

    <p class='ocr_par' dir='ltr' id='par_1_7' title="bbox 123 2109 1308 2196">
     <span class='ocr_line' id='line_1_15' title="bbox 123 2109 1308 2196; baseline 0.002 -21"><span class='ocrx_word' id='word_1_103' title='bbox 123 2140 125 2144; x_wconf 49' lang='lat'><strong><em>¹</em></strong></span> <span class='ocrx_word' id='word_1_104' title='bbox 168 2111 271 2177; x_wconf 85' lang='lat' dir='ltr'><strong>decem</strong></span> <span class='ocrx_word' id='word_1_105' title='bbox 298 2111 431 2177; x_wconf 90' lang='lat' dir='ltr'><strong>milibus</strong></span> <span class='ocrx_word' id='word_1_106' title='bbox 460 2115 492 2175; x_wconf 90' lang='lat' dir='ltr'><strong>et</strong></span> <span class='ocrx_word' id='word_1_107' title='bbox 520 2111 557 2175; x_wconf 89' lang='lat' dir='ltr'><strong>de</strong></span> <span class='ocrx_word' id='word_1_108' title='bbox 588 2111 727 2175; x_wconf 89' lang='lat' dir='ltr'><strong>aduentu</strong></span> <span class='ocrx_word' id='word_1_109' title='bbox 755 2112 863 2175; x_wconf 86' lang='lat' dir='ltr'><strong>nostro</strong></span> <span class='ocrx_word' id='word_1_110' title='bbox 894 2109 965 2174; x_wconf 89' lang='lat' dir='ltr'><strong>&#39;cum</strong></span> <span class='ocrx_word' id='word_1_111' title='bbox 994 2115 1102 2176; x_wconf 85' lang='lat' dir='ltr'><strong>uestra</strong></span> <span class='ocrx_word' id='word_1_112' title='bbox 1134 2113 1308 2196; x_wconf 83' lang='lat' dir='ltr'><strong>gratiarum</strong></span> 
     </span>
    </p>

    <p class='ocr_par' dir='ltr' id='par_1_8' title="bbox 130 2217 1355 2731">
     <span class='ocr_line' id='line_1_16' title="bbox 130 2217 1307 2303; baseline 0.003 -21"><span class='ocrx_word' id='word_1_113' title='bbox 130 2243 151 2282; x_wconf 82' lang='lat' dir='ltr'><strong>n</strong></span> <span class='ocrx_word' id='word_1_114' title='bbox 167 2219 283 2283; x_wconf 88' lang='lat' dir='ltr'><strong>actione</strong></span> <span class='ocrx_word' id='word_1_115' title='bbox 323 2219 450 2303; x_wconf 83' lang='lat' dir='ltr'><strong>gloriari</strong></span> <span class='ocrx_word' id='word_1_116' title='bbox 486 2238 548 2283; x_wconf 92' lang='lat' dir='ltr'><strong>non</strong></span> <span class='ocrx_word' id='word_1_117' title='bbox 585 2219 811 2282; x_wconf 85' lang='lat' dir='ltr'><strong>arbitrarentur</strong></span> <span class='ocrx_word' id='word_1_118' title='bbox 846 2217 1030 2303; x_wconf 79' lang='lat' dir='ltr'><strong>indignum3</strong></span> <span class='ocrx_word' id='word_1_119' title='bbox 1065 2218 1187 2298; x_wconf 89' lang='lat' dir='ltr'><strong>deinde,</strong></span> <span class='ocrx_word' id='word_1_120' title='bbox 1222 2221 1307 2303; x_wconf 91' lang='lat' dir='ltr'><strong>quod</strong></span> 
     </span>
     <span class='ocr_line' id='line_1_17' title="bbox 166 2325 1306 2410; baseline 0.002 -20"><span class='ocrx_word' id='word_1_121' title='bbox 166 2329 249 2390; x_wconf 89' lang='lat' dir='ltr'><strong>tanta</strong></span> <span class='ocrx_word' id='word_1_122' title='bbox 270 2326 334 2392; x_wconf 89' lang='lat' dir='ltr'><strong>fuit</strong></span> <span class='ocrx_word' id='word_1_123' title='bbox 357 2327 453 2391; x_wconf 88' lang='lat' dir='ltr'><strong>etiam</strong></span> <span class='ocrx_word' id='word_1_124' title='bbox 477 2325 508 2389; x_wconf 90' lang='lat' dir='ltr'><strong>in</strong></span> <span class='ocrx_word' id='word_1_125' title='bbox 532 2326 624 2410; x_wconf 89' lang='lat' dir='ltr'><strong>plebe</strong></span> <span class='ocrx_word' id='word_1_126' title='bbox 649 2325 788 2403; x_wconf 87' lang='lat' dir='ltr'><strong>deuotio,</strong></span> <span class='ocrx_word' id='word_1_127' title='bbox 813 2328 850 2391; x_wconf 92' lang='lat' dir='ltr'><strong>ut</strong></span> <span class='ocrx_word' id='word_1_128' title='bbox 867 2345 941 2408; x_wconf 90' lang='lat' dir='ltr'><strong>pars</strong></span> <span class='ocrx_word' id='word_1_129' title='bbox 960 2326 1096 2390; x_wconf 86' lang='lat' dir='ltr'><strong>maxima</strong></span> <span class='ocrx_word' id='word_1_130' title='bbox 1113 2328 1306 2410; x_wconf 86' lang='lat' dir='ltr'><strong>populorum</strong></span> 
     </span>
     <span class='ocr_line' id='line_1_18' title="bbox 168 2432 1308 2517; baseline 0 -18"><span class='ocrx_word' id='word_1_131' title='bbox 168 2451 234 2499; x_wconf 85' lang='lat' dir='ltr'><strong>oum</strong></span> <span class='ocrx_word' id='word_1_132' title='bbox 262 2434 360 2499; x_wconf 86' lang='lat' dir='ltr'><strong>cereis</strong></span> <span class='ocrx_word' id='word_1_133' title='bbox 391 2433 488 2499; x_wconf 91' lang='lat' dir='ltr'><strong>simul</strong></span> <span class='ocrx_word' id='word_1_134' title='bbox 518 2437 549 2499; x_wconf 91' lang='lat' dir='ltr'><strong>et</strong></span> <span class='ocrx_word' id='word_1_135' title='bbox 576 2433 726 2499; x_wconf 85' lang='lat' dir='ltr'><strong>laudibus</strong></span> <span class='ocrx_word' id='word_1_136' title='bbox 750 2432 867 2499; x_wconf 89' lang='lat' dir='ltr'><strong>uestris</strong></span> <span class='ocrx_word' id='word_1_137' title='bbox 891 2435 1037 2499; x_wconf 89' lang='lat' dir='ltr'><strong>nostrum</strong></span> <span class='ocrx_word' id='word_1_138' title='bbox 1060 2435 1308 2517; x_wconf 85' lang='lat' dir='ltr'><strong>praestolaretur</strong></span> 
     </span>
     <span class='ocr_line' id='line_1_19' title="bbox 168 2540 1355 2623; baseline 0.003 -19"><span class='ocrx_word' id='word_1_139' title='bbox 168 2541 345 2606; x_wconf 82' lang='lat' dir='ltr'><strong>aduentum.</strong></span> <span class='ocrx_word' id='word_1_140' title='bbox 361 2542 420 2606; x_wconf 92' lang='lat' dir='ltr'><strong>sub</strong></span> <span class='ocrx_word' id='word_1_141' title='bbox 436 2542 495 2605; x_wconf 88' lang='lat' dir='ltr'><strong>hac</strong></span> <span class='ocrx_word' id='word_1_142' title='bbox 510 2541 618 2623; x_wconf 89' lang='lat' dir='ltr'><strong>itaque</strong></span> <span class='ocrx_word' id='word_1_143' title='bbox 634 2540 817 2605; x_wconf 88' lang='lat' dir='ltr'><strong>celebritate</strong></span> <span class='ocrx_word' id='word_1_144' title='bbox 838 2540 977 2605; x_wconf 88' lang='lat' dir='ltr'><strong>secunda</strong></span> <span class='ocrx_word' id='word_1_145' title='bbox 994 2540 1073 2604; x_wconf 90' lang='lat' dir='ltr'><strong>feria</strong></span> <span class='ocrx_word' id='word_1_146' title='bbox 1091 2542 1307 2608; x_wconf 89' lang='lat' dir='ltr'><strong>hebdomadae</strong></span> <span class='ocrx_word' id='word_1_147' title='bbox 1331 2546 1355 2608; x_wconf 76' lang='grc'>2</span> 
     </span>
     <span class='ocr_line' id='line_1_20' title="bbox 166 2646 1306 2731; baseline 0.002 -20"><span class='ocrx_word' id='word_1_148' title='bbox 166 2648 287 2713; x_wconf 88' lang='lat' dir='ltr'><strong>maioris</strong></span> <span class='ocrx_word' id='word_1_149' title='bbox 335 2646 643 2731; x_wconf 82' lang='lat' dir='ltr'><strong>Constantinopolim</strong></span> <span class='ocrx_word' id='word_1_150' title='bbox 690 2648 829 2729; x_wconf 88' lang='lat' dir='ltr'><strong>sospites</strong></span> <span class='ocrx_word' id='word_1_151' title='bbox 874 2646 1056 2729; x_wconf 88' lang='lat' dir='ltr'><strong>hilaresque</strong></span> <span class='ocrx_word' id='word_1_152' title='bbox 1101 2649 1306 2731; x_wconf 89' lang='lat' dir='ltr'><strong>peruenimus</strong></span> 
     </span>
    </p>

    <p class='ocr_par' dir='ltr' id='par_1_9' title="bbox 128 2753 1355 3263">
     <span class='ocr_line' id='line_1_21' title="bbox 128 2753 1307 2837; baseline 0.002 -20"><span class='ocrx_word' id='word_1_153' title='bbox 128 2778 149 2817; x_wconf 82' lang='lat' dir='ltr'><strong>ao</strong></span> <span class='ocrx_word' id='word_1_154' title='bbox 166 2759 353 2837; x_wconf 87' lang='lat' dir='ltr'><strong>posteroque</strong></span> <span class='ocrx_word' id='word_1_155' title='bbox 377 2754 428 2820; x_wconf 88' lang='lat' dir='ltr'><strong>die</strong></span> <span class='ocrx_word' id='word_1_156' title='bbox 446 2755 592 2837; x_wconf 89' lang='lat' dir='ltr'><strong>piissimo</strong></span> <span class='ocrx_word' id='word_1_157' title='bbox 610 2753 745 2837; x_wconf 86' lang='lat' dir='ltr'><strong>principi</strong></span> <span class='ocrx_word' id='word_1_158' title='bbox 764 2754 958 2837; x_wconf 88' lang='lat' dir='ltr'><strong>praesentati</strong></span> <span class='ocrx_word' id='word_1_159' title='bbox 976 2757 1066 2819; x_wconf 87' lang='lat' dir='ltr'><strong>tanto</strong></span> <span class='ocrx_word' id='word_1_160' title='bbox 1085 2754 1154 2818; x_wconf 92' lang='lat' dir='ltr'><strong>eius</strong></span> <span class='ocrx_word' id='word_1_161' title='bbox 1173 2756 1307 2820; x_wconf 88' lang='lat' dir='ltr'><strong>releuati</strong></span> 
     </span>
     <span class='ocr_line' id='line_1_22' title="bbox 167 2859 1307 2944; baseline 0.003 -19"><span class='ocrx_word' id='word_1_162' title='bbox 167 2880 273 2925; x_wconf 88' lang='lat' dir='ltr'><strong>sumus</strong></span> <span class='ocrx_word' id='word_1_163' title='bbox 298 2860 425 2937; x_wconf 85' lang='lat' dir='ltr'><strong>affectu,</strong></span> <span class='ocrx_word' id='word_1_164' title='bbox 450 2863 495 2937; x_wconf 92' lang='lat' dir='ltr'><strong>ut,</strong></span> <span class='ocrx_word' id='word_1_165' title='bbox 521 2860 548 2924; x_wconf 90' lang='lat' dir='ltr'><strong>si</strong></span> <span class='ocrx_word' id='word_1_166' title='bbox 572 2860 634 2925; x_wconf 92' lang='lat' dir='ltr'><strong>alia</strong></span> <span class='ocrx_word' id='word_1_167' title='bbox 657 2860 788 2924; x_wconf 90' lang='lat' dir='ltr'><strong>minime</strong></span> <span class='ocrx_word' id='word_1_168' title='bbox 812 2859 1045 2944; x_wconf 84' lang='lat' dir='ltr'><strong>praecederent,</strong></span> <span class='ocrx_word' id='word_1_169' title='bbox 1070 2862 1138 2925; x_wconf 91' lang='lat' dir='ltr'><strong>sola</strong></span> <span class='ocrx_word' id='word_1_170' title='bbox 1158 2862 1248 2928; x_wconf 93' lang='lat' dir='ltr'><strong>nobis</strong></span> <span class='ocrx_word' id='word_1_171' title='bbox 1268 2864 1307 2927; x_wconf 91' lang='lat' dir='ltr'><strong>ad</strong></span> 
     </span>
     <span class='ocr_line' id='line_1_23' title="bbox 167 2966 1355 3050; baseline 0.005 -19"><span class='ocrx_word' id='word_1_172' title='bbox 167 2968 313 3033; x_wconf 89' lang='lat' dir='ltr'><strong>solatium</strong></span> <span class='ocrx_word' id='word_1_173' title='bbox 341 2966 479 3048; x_wconf 88' lang='lat' dir='ltr'><strong>piissimi</strong></span> <span class='ocrx_word' id='word_1_174' title='bbox 508 2966 658 3050; x_wconf 83' lang='lat' dir='ltr'><strong>principis</strong></span> <span class='ocrx_word' id='word_1_175' title='bbox 688 2967 790 3050; x_wconf 85' lang='lat' dir='ltr'><strong>gratia</strong></span> <span class='ocrx_word' id='word_1_176' title='bbox 813 2967 1004 3031; x_wconf 88' lang='lat' dir='ltr'><strong>suffecisset.</strong></span> <span class='ocrx_word' id='word_1_177' title='bbox 1029 2968 1086 3032; x_wconf 89' lang='lat' dir='ltr'><strong>sed</strong></span> <span class='ocrx_word' id='word_1_178' title='bbox 1110 2969 1306 3035; x_wconf 89' lang='lat' dir='ltr'><strong>orationibus</strong></span> <span class='ocrx_word' id='word_1_179' title='bbox 1331 2975 1355 3037; x_wconf 83' lang='lat'><strong>3</strong></span> 
     </span>
     <span class='ocr_line' id='line_1_24' title="bbox 166 3073 1307 3149; baseline 0.003 -12"><span class='ocrx_word' id='word_1_180' title='bbox 166 3074 278 3138; x_wconf 85' lang='lat' dir='ltr'><strong>uestris</strong></span> <span class='ocrx_word' id='word_1_181' title='bbox 309 3074 427 3137; x_wconf 89' lang='lat' dir='ltr'><strong>maiora</strong></span> <span class='ocrx_word' id='word_1_182' title='bbox 456 3078 565 3137; x_wconf 86' lang='lat' dir='ltr'><strong>secuta</strong></span> <span class='ocrx_word' id='word_1_183' title='bbox 594 3077 684 3149; x_wconf 77' lang='lat' dir='ltr'><strong>sunt3</strong></span> <span class='ocrx_word' id='word_1_184' title='bbox 713 3092 785 3137; x_wconf 89' lang='lat' dir='ltr'><strong>nam</strong></span> <span class='ocrx_word' id='word_1_185' title='bbox 815 3092 852 3137; x_wconf 89' lang='lat' dir='ltr'><strong>eo</strong></span> <span class='ocrx_word' id='word_1_186' title='bbox 881 3073 931 3138; x_wconf 90' lang='lat' dir='ltr'><strong>die</strong></span> <span class='ocrx_word' id='word_1_187' title='bbox 961 3074 1020 3137; x_wconf 91' lang='lat' dir='ltr'><strong>sub</strong></span> <span class='ocrx_word' id='word_1_188' title='bbox 1044 3080 1174 3140; x_wconf 89' lang='lat' dir='ltr'><strong>senatus</strong></span> <span class='ocrx_word' id='word_1_189' title='bbox 1200 3078 1307 3142; x_wconf 84' lang='lat' dir='ltr'><strong>cuncti</strong></span> 
     </span>
     <span class='ocr_line' id='line_1_25' title="bbox 164 3180 1306 3263; baseline 0.004 -20"><span class='ocrx_word' id='word_1_190' title='bbox 164 3180 340 3261; x_wconf 87' lang='lat' dir='ltr'><strong>praesentia</strong></span> <span class='ocrx_word' id='word_1_191' title='bbox 364 3180 506 3263; x_wconf 88' lang='lat' dir='ltr'><strong>episcopi</strong></span> <span class='ocrx_word' id='word_1_192' title='bbox 532 3200 657 3263; x_wconf 86' lang='lat' dir='ltr'><strong>quoque</strong></span> <span class='ocrx_word' id='word_1_193' title='bbox 682 3183 834 3262; x_wconf 88' lang='lat' dir='ltr'><strong>quattuor</strong></span> <span class='ocrx_word' id='word_1_194' title='bbox 856 3180 1021 3259; x_wconf 88' lang='lat' dir='ltr'><strong>affuerunt,</strong></span> <span class='ocrx_word' id='word_1_195' title='bbox 1048 3200 1127 3263; x_wconf 88' lang='lat' dir='ltr'><strong>quos</strong></span> <span class='ocrx_word' id='word_1_196' title='bbox 1150 3181 1306 3247; x_wconf 87' lang='lat' dir='ltr'><strong>Iohannes</strong></span> 
     </span>
    </p>

    <p class='ocr_par' dir='ltr' id='par_1_10' title="bbox 128 3282 1352 3692">
     <span class='ocr_line' id='line_1_26' title="bbox 128 3282 1306 3369; baseline 0.002 -20"><span class='ocrx_word' id='word_1_197' title='bbox 128 3312 149 3351; x_wconf 77' lang='lat' dir='ltr'><strong>a</strong></span> <span class='ocrx_word' id='word_1_198' title='bbox 166 3282 531 3368; x_wconf 78' lang='lat' dir='ltr'><strong>Constantinopolitanus</strong></span> <span class='ocrx_word' id='word_1_199' title='bbox 557 3287 689 3351; x_wconf 87' lang='lat' dir='ltr'><strong>antistes</strong></span> <span class='ocrx_word' id='word_1_200' title='bbox 713 3307 769 3369; x_wconf 92' lang='lat' dir='ltr'><strong>pro</strong></span> <span class='ocrx_word' id='word_1_201' title='bbox 788 3287 888 3369; x_wconf 87' lang='lat' dir='ltr'><strong>partis</strong></span> <span class='ocrx_word' id='word_1_202' title='bbox 909 3306 984 3351; x_wconf 89' lang='lat' dir='ltr'><strong>suae</strong></span> <span class='ocrx_word' id='word_1_203' title='bbox 1005 3287 1186 3352; x_wconf 87' lang='lat' dir='ltr'><strong>defensione</strong></span> <span class='ocrx_word' id='word_1_204' title='bbox 1205 3292 1306 3351; x_wconf 88' lang='lat' dir='ltr'><strong>trans·</strong></span> 
     </span>
     <span class='ocr_line' id='line_1_27' title="bbox 163 3394 1306 3478; baseline 0 -21"><span class='ocrx_word' id='word_1_205' title='bbox 163 3394 307 3459; x_wconf 88' lang='lat' dir='ltr'><strong>miserat:</strong></span> <span class='ocrx_word' id='word_1_206' title='bbox 323 3394 439 3476; x_wconf 90' lang='lat' dir='ltr'><strong>quibus</strong></span> <span class='ocrx_word' id='word_1_207' title='bbox 454 3394 598 3460; x_wconf 90' lang='lat' dir='ltr'><strong>libellum</strong></span> <span class='ocrx_word' id='word_1_208' title='bbox 614 3394 809 3478; x_wconf 88' lang='lat' dir='ltr'><strong>apostolicae</strong></span> <span class='ocrx_word' id='word_1_209' title='bbox 825 3395 909 3459; x_wconf 91' lang='lat' dir='ltr'><strong>sedis</strong></span> <span class='ocrx_word' id='word_1_210' title='bbox 925 3394 1306 3476; x_wconf 86' lang='lat' dir='ltr'><strong>ostendimus&#39;omniaque</strong></span> 
     </span>
     <span class='ocr_line' id='line_1_28' title="bbox 164 3499 1352 3583; baseline 0 -21"><span class='ocrx_word' id='word_1_211' title='bbox 164 3499 193 3563; x_wconf 88' lang='lat' dir='ltr'><strong>in</strong></span> <span class='ocrx_word' id='word_1_212' title='bbox 215 3518 250 3565; x_wconf 91' lang='lat' dir='ltr'><strong>eo</strong></span> <span class='ocrx_word' id='word_1_213' title='bbox 274 3504 361 3565; x_wconf 90' lang='lat' dir='ltr'><strong>recte</strong></span> <span class='ocrx_word' id='word_1_214' title='bbox 387 3502 537 3565; x_wconf 88' lang='lat' dir='ltr'><strong>canonica</strong></span> <span class='ocrx_word' id='word_1_215' title='bbox 561 3520 630 3566; x_wconf 87' lang='lat' dir='ltr'><strong>esse</strong></span> <span class='ocrx_word' id='word_1_216' title='bbox 653 3501 873 3583; x_wconf 86' lang='lat' dir='ltr'><strong>probauiruus.</strong></span> <span class='ocrx_word' id='word_1_217' title='bbox 896 3504 1058 3583; x_wconf 89' lang='lat' dir='ltr'><strong>postremo</strong></span> <span class='ocrx_word' id='word_1_218' title='bbox 1083 3500 1193 3583; x_wconf 91' lang='lat' dir='ltr'><strong>quinta</strong></span> <span class='ocrx_word' id='word_1_219' title='bbox 1215 3500 1305 3576; x_wconf 85' lang='lat' dir='ltr'><strong>feria,</strong></span> <span class='ocrx_word' id='word_1_220' title='bbox 1330 3508 1352 3570; x_wconf 82' lang='grc'>4</span> 
     </span>
     <span class='ocr_line' id='line_1_29' title="bbox 163 3606 1306 3692; baseline 0.001 -23"><span class='ocrx_word' id='word_1_221' title='bbox 163 3606 220 3671; x_wconf 89' lang='lat' dir='ltr'><strong>hoo</strong></span> <span class='ocrx_word' id='word_1_222' title='bbox 253 3612 355 3684; x_wconf 82' lang='lat' dir='ltr'><strong>(est)</strong></span> <span class='ocrx_word' id='word_1_223' title='bbox 389 3628 466 3673; x_wconf 87' lang='lat' dir='ltr'><strong>cena</strong></span> <span class='ocrx_word' id='word_1_224' title='bbox 497 3609 625 3687; x_wconf 87' lang='lat' dir='ltr'><strong>domini,</strong></span> <span class='ocrx_word' id='word_1_225' title='bbox 659 3608 698 3673; x_wconf 91' lang='lat' dir='ltr'><strong>ad</strong></span> <span class='ocrx_word' id='word_1_226' title='bbox 729 3608 885 3691; x_wconf 90' lang='lat' dir='ltr'><strong>palatium</strong></span> <span class='ocrx_word' id='word_1_227' title='bbox 916 3609 949 3672; x_wconf 94' lang='lat' dir='ltr'><strong>in</strong></span> <span class='ocrx_word' id='word_1_228' title='bbox 978 3608 1116 3692; x_wconf 84' lang='lat' dir='ltr'><strong>generali</strong></span> <span class='ocrx_word' id='word_1_229' title='bbox 1146 3610 1306 3671; x_wconf 89' lang='lat' dir='ltr'><strong>conuentu</strong></span> 
     </span>
    </p>
   </div>
   <div class='ocr_carea' id='block_1_6' title="bbox 198 3851 702 3921">
    <p class='ocr_par' dir='ltr' id='par_1_11' title="bbox 198 3851 702 3921">
     <span class='ocr_line' id='line_1_30' title="bbox 198 3851 702 3921; baseline -0.002 -16"><span class='ocrx_word' id='word_1_230' title='bbox 198 3852 209 3905; x_wconf 92' lang='lat'>1</span> <span class='ocrx_word' id='word_1_231' title='bbox 231 3852 359 3921; x_wconf 82' lang='lat' dir='ltr'><strong>quatinus</strong></span> <span class='ocrx_word' id='word_1_232' title='bbox 383 3852 409 3905; x_wconf 86' lang='lat' dir='ltr'><em>V</em></span> <span class='ocrx_word' id='word_1_233' title='bbox 460 3853 476 3907; x_wconf 86' lang='lat'>3</span> <span class='ocrx_word' id='word_1_234' title='bbox 495 3852 537 3905; x_wconf 86' lang='lat' dir='ltr'><strong>ida</strong></span> <span class='ocrx_word' id='word_1_235' title='bbox 558 3852 651 3920; x_wconf 85' lang='lat' dir='ltr'><strong>aprilis</strong></span> <span class='ocrx_word' id='word_1_236' title='bbox 676 3851 702 3904; x_wconf 86' lang='lat' dir='ltr'><em>V</em></span> 
     </span>
    </p>
   </div>
   <div class='ocr_carea' id='block_1_7' title="bbox 160 3955 1308 4383">
    <p class='ocr_par' dir='ltr' id='par_1_12' title="bbox 160 3955 1308 4383">
     <span class='ocr_line' id='line_1_31' title="bbox 196 3955 1307 4027; baseline -0.003 -13"><span class='ocrx_word' id='word_1_237' title='bbox 196 3956 263 4014; x_wconf 82' lang='lat'><strong><em>223.</em></strong></span> <span class='ocrx_word' id='word_1_238' title='bbox 321 3958 403 4012; x_wconf 84' lang='lat' dir='ltr'><strong>Dato</strong></span> <span class='ocrx_word' id='word_1_239' title='bbox 422 3958 518 4024; x_wconf 61' lang='lat' dir='ltr'><strong>(amul</strong></span> <span class='ocrx_word' id='word_1_240' title='bbox 536 3974 597 4012; x_wconf 80' lang='lat' dir='ltr'><strong>cum</strong></span> <span class='ocrx_word' id='word_1_241' title='bbox 614 3974 672 4027; x_wconf 84' lang='lat' dir='ltr'><strong>epp.</strong></span> <span class='ocrx_word' id='word_1_242' title='bbox 692 3960 842 4011; x_wconf 79' lang='lat'><em>159-165</em></span> <span class='ocrx_word' id='word_1_243' title='bbox 860 3964 885 4011; x_wconf 81' lang='lat' dir='ltr'><strong>et</strong></span> <span class='ocrx_word' id='word_1_244' title='bbox 904 3961 971 4024; x_wconf 79' lang='lat'><strong><em>167)</em></strong></span> <span class='ocrx_word' id='word_1_245' title='bbox 992 3973 1018 4010; x_wconf 85' lang='grc' dir='ltr'><strong>α.</strong></span> <span class='ocrx_word' id='word_1_246' title='bbox 1042 3960 1096 4010; x_wconf 83' lang='grc'><strong>519</strong></span> <span class='ocrx_word' id='word_1_247' title='bbox 1115 3955 1159 4011; x_wconf 79' lang='lat' dir='ltr'><strong>die</strong></span> <span class='ocrx_word' id='word_1_248' title='bbox 1177 3960 1219 4011; x_wconf 82' lang='lat'><strong>22</strong></span> <span class='ocrx_word' id='word_1_249' title='bbox 1235 3959 1307 4025; x_wconf 75' lang='lat' dir='ltr'><strong>Apr.</strong></span> 
     </span>
     <span class='ocr_line' id='line_1_32' title="bbox 160 4047 1304 4116; baseline 0 -17"><span class='ocrx_word' id='word_1_250' title='bbox 160 4060 207 4112; x_wconf 81' lang='lat' dir='ltr'><strong>per</strong></span> <span class='ocrx_word' id='word_1_251' title='bbox 227 4047 397 4114; x_wconf 67' lang='lat' dir='ltr'><strong>Pacilianam</strong></span> <span class='ocrx_word' id='word_1_252' title='bbox 421 4052 533 4116; x_wconf 81' lang='lat' dir='ltr'><strong>accepta</strong></span> <span class='ocrx_word' id='word_1_253' title='bbox 556 4048 601 4101; x_wconf 80' lang='lat' dir='ltr'><strong>die</strong></span> <span class='ocrx_word' id='word_1_254' title='bbox 623 4051 658 4101; x_wconf 87' lang='lat'><strong>19</strong></span> <span class='ocrx_word' id='word_1_255' title='bbox 679 4047 767 4101; x_wconf 77' lang='lat' dir='ltr'><strong>Iunii.</strong></span> <span class='ocrx_word' id='word_1_256' title='bbox 849 4047 924 4100; x_wconf 84' lang='lat' dir='ltr'><strong>Edd.</strong></span> <span class='ocrx_word' id='word_1_257' title='bbox 951 4047 1015 4101; x_wconf 83' lang='lat' dir='ltr'><strong>Car.</strong></span> <span class='ocrx_word' id='word_1_258' title='bbox 1039 4047 1070 4099; x_wconf 84' lang='lat' dir='ltr'><em>P</em></span> <span class='ocrx_word' id='word_1_259' title='bbox 1094 4050 1166 4113; x_wconf 75' lang='lat'><strong><em>492;</em></strong></span> <span class='ocrx_word' id='word_1_260' title='bbox 1196 4047 1304 4100; x_wconf 75' lang='lat' dir='ltr'><strong>collect.</strong></span> 
     </span>
     <span class='ocr_line' id='line_1_33' title="bbox 167 4121 1306 4203; baseline 0.001 -17"><span class='ocrx_word' id='word_1_261' title='bbox 167 4133 280 4203; x_wconf 63' lang='lat' dir='ltr'><strong>aaran·</strong></span> <span class='ocrx_word' id='word_1_262' title='bbox 300 4136 380 4192; x_wconf 74' lang='lat' dir='ltr'><strong>rura</strong></span> <span class='ocrx_word' id='word_1_263' title='bbox 399 4140 467 4191; x_wconf 82' lang='lat' dir='ltr'><strong>eso.</strong></span> <span class='ocrx_word' id='word_1_264' title='bbox 536 4121 623 4191; x_wconf 64' lang='lat'>5212?</span> <span class='ocrx_word' id='word_1_265' title='bbox 638 4138 669 4202; x_wconf 84' lang='lat' dir='ltr'><strong>V,</strong></span> <span class='ocrx_word' id='word_1_266' title='bbox 689 4152 758 4192; x_wconf 77' lang='lat' dir='ltr'><strong>corr.</strong></span> <span class='ocrx_word' id='word_1_267' title='bbox 780 4156 798 4187; x_wconf 76' lang='lat' dir='ltr'><strong>a</strong></span> <span class='ocrx_word' id='word_1_268' title='bbox 852 4126 952 4189; x_wconf 61' lang='lat' dir='ltr'><strong>anna</strong></span> <span class='ocrx_word' id='word_1_269' title='bbox 972 4136 999 4189; x_wconf 85' lang='lat' dir='ltr'><em>V</em></span> <span class='ocrx_word' id='word_1_270' title='bbox 1058 4138 1091 4191; x_wconf 86' lang='lat' dir='ltr'><strong>ra</strong></span> <span class='ocrx_word' id='word_1_271' title='bbox 1110 4134 1306 4189; x_wconf 70' lang='lat' dir='ltr'><strong>ebdomades</strong></span> 
     </span>
     <span class='ocr_line' id='line_1_34' title="bbox 165 4223 1308 4295; baseline 0 -19"><span class='ocrx_word' id='word_1_272' title='bbox 165 4224 196 4277; x_wconf 78' lang='grc'><strong>22</strong></span> <span class='ocrx_word' id='word_1_273' title='bbox 214 4224 358 4280; x_wconf 76' lang='lat' dir='ltr'><strong>sufficiaset</strong></span> <span class='ocrx_word' id='word_1_274' title='bbox 380 4225 413 4291; x_wconf 89' lang='lat' dir='ltr'><strong>V,</strong></span> <span class='ocrx_word' id='word_1_275' title='bbox 432 4240 499 4281; x_wconf 79' lang='lat' dir='ltr'><strong>corr.</strong></span> <span class='ocrx_word' id='word_1_276' title='bbox 521 4244 537 4277; x_wconf 85' lang='grc' dir='ltr'><strong>α</strong></span> <span class='ocrx_word' id='word_1_277' title='bbox 578 4226 612 4281; x_wconf 81' lang='grc'><strong>26</strong></span> <span class='ocrx_word' id='word_1_278' title='bbox 632 4228 722 4280; x_wconf 88' lang='lat' dir='ltr'><strong>omnia</strong></span> <span class='ocrx_word' id='word_1_279' title='bbox 741 4244 792 4295; x_wconf 91' lang='lat' dir='ltr'><strong>que</strong></span> <span class='ocrx_word' id='word_1_280' title='bbox 811 4226 834 4279; x_wconf 87' lang='lat' dir='ltr'><em>V</em></span> <span class='ocrx_word' id='word_1_281' title='bbox 875 4226 908 4279; x_wconf 83' lang='lat'><strong>27</strong></span> <span class='ocrx_word' id='word_1_282' title='bbox 924 4229 998 4279; x_wconf 85' lang='lat' dir='ltr'><strong>recta</strong></span> <span class='ocrx_word' id='word_1_283' title='bbox 1010 4225 1224 4293; x_wconf 83' lang='lat' dir='ltr'><strong>canonica&lt;que&gt;</strong></span> <span class='ocrx_word' id='word_1_284' title='bbox 1240 4223 1308 4277; x_wconf 83' lang='lat' dir='ltr'><strong>Car.</strong></span> 
     </span>
     <span class='ocr_line' id='line_1_35' title="bbox 165 4310 599 4383; baseline 0.009 -18"><span class='ocrx_word' id='word_1_285' title='bbox 165 4312 196 4366; x_wconf 84' lang='grc'><strong>28</strong></span> <span class='ocrx_word' id='word_1_286' title='bbox 214 4318 255 4367; x_wconf 87' lang='lat' dir='ltr'><strong>est</strong></span> <span class='ocrx_word' id='word_1_287' title='bbox 274 4314 340 4371; x_wconf 82' lang='lat' dir='ltr'><strong>add.</strong></span> <span class='ocrx_word' id='word_1_288' title='bbox 360 4332 382 4383; x_wconf 87' lang='lat' dir='ltr'><strong>p,</strong></span> <span class='ocrx_word' id='word_1_289' title='bbox 400 4310 458 4369; x_wconf 85' lang='lat' dir='ltr'><strong>&lt;est</strong></span> <span class='ocrx_word' id='word_1_290' title='bbox 475 4315 519 4368; x_wconf 92' lang='lat' dir='ltr'><strong>in&gt;</strong></span> <span class='ocrx_word' id='word_1_291' title='bbox 536 4314 599 4369; x_wconf 85' lang='lat' dir='ltr'><strong>Gar.</strong></span> 
     </span>
    </p>
   </div>
   <div class='ocr_carea' id='block_1_8' title="bbox 0 0 1518 4975">
    <p class='ocr_par' dir='ltr' id='par_1_13' title="bbox 0 0 1518 4975">
     <span class='ocr_line' id='line_1_36' title="bbox 0 0 1518 4975; baseline 0 3"><span class='ocrx_word' id='word_1_292' title='bbox 0 0 1518 4975; x_wconf 95' lang='lat' dir='ltr'><strong> </strong></span> 
     </span>
    </p>
   </div>
  </div>
 </body>
</html>
