3025 4975
470 470 558 541 spru.
578 468 716 525 cxxvm
734 469 751 522 a
770 499 805 507 -
825 466 934 523 cxxrx
954 469 978 521 5.

671 662 780 747 (rae.)

194 806 356 853 sennenn
384 806 546 853 unnnnsrs
575 805 735 851 ariscorrs
759 805 795 850 nr
819 803 963 850 onmnms
995 804 1147 851 ememus
1177 805 1301 851 consm-

153 914 249 963 rums.
307 894 379 960 Etsi
407 893 631 959 admonitionis
659 912 748 958 meae
782 912 858 958 cura
891 892 1069 969 desisteret,
1102 912 1162 958 uos
1193 896 1301 958 tamen

151 1002 268 1085 proprii
300 1020 456 1067 memores
490 1001 671 1067 conueniret
703 998 801 1065 officii
828 1019 889 1064 non
912 1000 1117 1084 neglegenter
1144 1000 1300 1078 omittere,

123 1127 231 1191 equae
255 1109 346 1173 enixe
375 1126 483 1173 omnes
513 1108 605 1172 decet
631 1127 687 1190 pro
716 1108 838 1172 animae
867 1124 943 1171 suae
971 1106 1074 1172 salute
1104 1108 1302 1182 seruarent

150 1215 373 1281 mandatorum
398 1214 585 1279 caelestium
615 1212 784 1298 disciplina
806 1233 866 1278 non
892 1214 994 1279 alieno
1019 1212 1126 1279 studio
1151 1212 1207 1277 sed
1230 1213 1301 1296 ipso

151 1322 242 1389 uobis
269 1323 404 1387 clareret
425 1322 531 1386 inesse
559 1322 733 1405 proposito.
767 1340 839 1385 nam
866 1321 945 1386 licet
971 1320 1065 1385 laude
1092 1340 1154 1384 non
1185 1322 1301 1397 careat,

152 1431 206 1513 qni
238 1429 333 1494 bonis
372 1428 513 1493 consiliis
548 1426 754 1505 obsecundat,
788 1431 876 1493 tento
911 1430 960 1492 est
995 1430 1101 1492 tamen
1133 1427 1238 1511 potior
1267 1427 1301 1491 in

152 1538 270 1602 honore
304 1535 478 1618 sapientiae
521 1534 575 1617 qui
607 1535 772 1619 praeuenit
816 1538 902 1600 recta
943 1554 1038 1618 quam
1072 1534 1126 1617 qui
1158 1534 1302 1615 sequitur

114 1668 136 1706 ιο
151 1644 312 1720 instituta,
328 1644 445 1725 quanto
461 1644 511 1706 est
525 1642 683 1706 illustrius
703 1640 814 1707 docere
834 1661 929 1725 quam
948 1640 1079 1707 discere.
1119 1639 1302 1705 recordetur
1324 1650 1344 1713 2

153 1750 385 1833 unusquisque,
409 1748 442 1812 in
466 1768 528 1831 qua
550 1748 716 1813 uocatione
741 1769 760 1813 a
783 1748 909 1813 domiuo
934 1747 978 1813 sit
999 1752 1144 1825 uocatus,
1169 1746 1300 1830 etquid

154 1859 191 1922 ab
215 1875 253 1921 eo
279 1859 462 1939 expectetur
485 1854 639 1920 aduertat.
670 1854 823 1921 miserum
851 1858 901 1919 est
922 1855 1005 1919 intra
1027 1854 1176 1919 meritum
1199 1854 1300 1918 iacere

154 1962 319 2048 propositi,
357 1981 430 2027 oum
460 1960 503 2039 id,
533 1961 617 2044 quod
649 1962 827 2045 praefertur
857 1962 994 2040 nomine,
1026 1980 1089 2027 non
1121 1960 1300 2025 ostenditur

154 2071 285 2137 actione.
301 2088 417 2153 magna
431 2068 616 2144 meruimus,
637 2069 665 2133 si
683 2068 769 2151 quod
782 2069 907 2134 indulta
919 2069 1084 2152 postulant
1098 2066 1297 2151 impleamus.

114 2202 136 2243 a
153 2178 205 2261 qui
229 2198 265 2243 se
295 2177 334 2241 ad
362 2176 535 2259 pascendas
564 2174 715 2241 dominici
743 2178 850 2261 gregis
879 2195 955 2242 oues
977 2173 1103 2260 'gaudet
1130 2174 1299 2251 adscitum,
1323 2178 1343 2241 3

154 2284 273 2368 cogitet
309 2282 348 2347 de
386 2283 557 2347 commissa
594 2282 655 2347 sibi
693 2282 921 2367 gubernatione
954 2282 1119 2348 iudicium.
1162 2280 1300 2365 peruigil

151 2386 328 2453 adhibenda
348 2386 452 2451 tutela
476 2390 535 2464 est,
560 2386 771 2452 continuanda
794 2388 957 2462 custodia;
981 2407 1042 2452 non
1067 2386 1189 2451 dandus
1211 2387 1298 2470 lupis

151 2495 317 2578 rapacibus
335 2495 438 2572 locus,
457 2513 518 2558 non
537 2493 614 2559 ullis
634 2495 762 2560 casibus
780 2496 1018 2578 relinquendus,
1038 2495 1113 2579 quia
1130 2495 1297 2579 neglectus

152 2619 235 2683 error
258 2601 369 2666 ouium
395 2601 488 2683 culpa
510 2603 675 2682 pastorum
700 2605 759 2667 est.
783 2603 901 2681 ueniet,
925 2604 981 2686 qui
1004 2603 1142 2667 rationes
1161 2602 1297 2666 creditae

112 2737 135 2775 a
152 2707 396 2791 dispensationis
412 2707 577 2774 examinet.
603 2708 744 2773 omnium
762 2709 889 2793 quidem
909 2712 1034 2775 constat
1052 2727 1122 2775 esse
1140 2709 1298 2774 iustitiam
1322 2716 1343 2779 4

151 2833 204 2879 nec
224 2813 284 2878 ulli
309 2813 499 2897 impunitam
520 2814 683 2878 licentiam
705 2818 814 2896 patere
828 2815 996 2897 peccandi;
1019 2815 1075 2880 sed
1094 2815 1166 2898 quis
1181 2815 1297 2899 gradum

152 2921 270 2986 nesciat
288 2939 360 2986 esse
379 2921 564 2986 meritorum
584 2923 617 2985 et
635 2921 720 2985 siout
738 2941 799 2987 non
819 2940 921 3004 aequa
937 2922 1087 3004 praemia,
1107 2923 1154 2986 ita
1172 2921 1299 2986 diuersa

153 3031 181 3091 et
204 3027 386 3112 supplicia?
415 3027 670 3110 multiplicantur
693 3028 868 3093 scientibus
896 3029 1019 3115 plagae,
1042 3049 1145 3114 pauca
1171 3029 1298 3114 flagella

150 3134 297 3218 leguntur
324 3133 480 3199 inscitiae.
533 3133 617 3216 quod
642 3134 669 3199 si
692 3134 737 3198 ita
765 3138 824 3213 est,
853 3137 950 3202 sicuti
978 3156 1048 3202 esse
1075 3156 1136 3202 non
1166 3135 1297 3200 dubium
1321 3165 1341 3227 ς

112 3265 136 3304 re
152 3245 197 3306 est
219 3241 465 3320 aestimandum,
490 3240 566 3325 quid
585 3241 617 3304 in
641 3259 678 3305 ec
698 3241 809 3306 deceat
832 3262 903 3308 esse
922 3243 1086 3327 propositi.
1107 3245 1158 3309 oui
1177 3243 1297 3308 alienos

153 3367 274 3431 quoque
299 3365 419 3412 errores
443 3365 573 3412 necesse
598 3350 649 3412 est
670 3347 846 3431 imputari?
871 3351 988 3415 clamat
1011 3353 1140 3416 sanctus
1165 3352 1296 3433 spiritus

152 3473 203 3536 per
238 3455 445 3538 prophetam:
484 3473 501 3519 o
534 3455 725 3536 pastores
762 3455 909 3536 Israel,
938 3457 1132 3541 numquid
1169 3462 1297 3523 semet

152 3559 261 3643 ipsos
295 3561 472 3642 pascunt
504 3563 717 3644 pastores?
749 3581 877 3627 nonne
909 3583 1006 3629 oues
1033 3569 1210 3647 pascunt
1236 3583 1296 3648 pa-

235 3805 270 3858 27
290 3803 386 3858 Erech.
406 3805 450 3870 34,
469 3803 485 3858 2

186 3944 249 4000 lac.
287 3945 358 4000 Dat.
378 3945 475 4012 (eimrd
494 3963 554 4001 cum
573 3965 632 4018 epp.
652 3953 716 4011 126,
736 3952 800 4008 128.
820 3955 982 4018 130-132)
1003 3968 1029 4004 a.
1052 3955 1106 4004 517
1124 3951 1168 4005 die
1187 3954 1206 4004 3
1224 3952 1294 4019 Apr.

149 4048 196 4101 per
212 4033 375 4088 Maedicae
393 4039 439 4089 etc.
512 4035 586 4091 Edu.
609 4037 673 4091 Car.
693 4037 725 4091 1²
745 4042 817 4105 46&
836 4039 906 4093 Bar.
927 4041 966 4093 ad
984 4057 1010 4094 a.
1033 4041 1094 4104 517,
1114 4043 1162 4106 14‚·
1185 4039 1294 4104 Collect

154 4118 265 4185 Coactis
284 4121 368 4176 BTA
387 4123 408 4176 I
425 4127 498 4191 397,·
519 4124 598 4180 Tbr'el
617 4129 681 4180 301.
754 4129 772 4182 4
792 4130 936 4182 conuenire
959 4128 990 4192 V,
1010 4145 1078 4183 corr.
1098 4127 1125 4180 ο1
1196 4129 1212 4182 8
1232 4146 1293 4183 con·

151 4209 232 4262 seiliis
254 4209 285 4276 V,
304 4227 407 4266 corno
449 4211 481 4266 lo
500 4212 589 4267 dicere
613 4213 645 4276 V,
666 4230 768 4269 corno
812 4217 845 4270 12
864 4216 896 4270 ab
918 4233 948 4269 eo
971 4235 997 4270 o:
1016 4216 1103 4272 habeo
1127 4217 1154 4269 V
1193 4220 1226 4271 15
1246 4218 1293 4270 ad-

150 4297 229 4350 situm
252 4298 283 4365 V,
303 4315 406 4371 θυτὴρ
465 4301 496 4354 16
517 4301 633 4356 comissa
656 4302 682 4356 V
733 4304 765 4357 21
785 4304 900 4358 licencia
924 4305 956 4367 V,
976 4322 1080 4360 corno
1134 4307 1248 4377 pacandi
1271 4307 1297 4360 V

150 4385 185 4439 ‘23
203 4390 229 4440 et
245 4389 359 4458 scripsi:
379 4392 421 4443 est
444 4389 474 4455 V,
496 4405 553 4444 esse
573 4409 586 4440 o
656 4391 691 4446 24
711 4393 783 4462 quod
801 4394 886 4448 Bar:
905 4395 970 4464 quid
993 4395 1018 4447 V
