3025 4975
471 457 556 528 Epist.
577 457 694 512 CCXXV
713 460 729 510 a
749 487 782 498 —
803 457 935 512 CCXXVI
954 458 978 512 8.
1231 461 1293 526 691

162 653 315 718 seditionis
347 654 474 718 initium
508 654 566 718 snb
600 653 859 735 interrogationis
893 653 1021 718 dolosae
1050 658 1229 720 commento
1257 656 1296 720 ab

161 761 288 825 Aristide
321 761 505 844 presbytero
539 765 682 824 narratur
716 764 870 824 exortum.
903 779 1015 824 nerum
1048 780 1115 839 nos,
1154 763 1182 825 si
1218 762 1298 827 haec

159 867 318 932 manifesta
343 870 428 940 sunt,
454 867 530 932 adeo
556 867 594 930 de
617 867 710 949 plebe
734 886 796 931 non
816 868 989 947 opperimur.
1010 869 1070 933 erit
1086 869 1118 932 in
1138 872 1297 950 potestate

158 974 320 1038 uenerandi
335 974 487 1056 principis
502 974 655 1056 temporis
671 975 722 1038 sui
739 983 771 1038 et
786 974 936 1039 catholici
952 974 1125 1040 sacerdotis
1140 975 1297 1053 iniuriam,

133 1100 211 1162 aqna
244 1081 363 1158 iubeat,
388 1099 529 1144 resecare
563 1099 705 1144 censura.
740 1081 797 1145 sed
829 1081 872 1156 id,
907 1081 991 1163 quod
1020 1081 1059 1146 ad
1087 1101 1144 1146 nos
1173 1081 1342 1158 attinetd

157 1207 225 1252 crura
248 1187 397 1271 peruigili
421 1207 477 1270 per
500 1205 557 1251 uos
583 1187 641 1250 deo
665 1187 801 1270 propitio
826 1187 1043 1252 desideramus
1067 1189 1203 1270 impleri,
1224 1191 1328 1271 quia·

155 1295 274 1358 nullum
307 1294 459 1358 uolumus
494 1297 549 1357 aut
582 1314 642 1357 non
674 1294 799 1358 reddita
831 1295 952 1359 ratione
986 1297 1128 1360 conuerti
1162 1299 1219 1360 aut
1252 1297 1298 1360 sic

155 1408 269 1467 rectam
299 1402 385 1468 uiam
412 1401 486 1466 fidei
515 1401 665 1484 profiteri,
696 1405 733 1464 ut
762 1402 823 1466 sibi
853 1421 870 1464 a
901 1401 1043 1485 principe
1077 1404 1198 1484 aliquid
1231 1405 1298 1468 sine

154 1509 311 1573 doctrinae
343 1507 482 1574 remedio
516 1511 666 1574 causetur
697 1508 827 1591 imponi.
861 1509 920 1574 hoc
952 1510 1054 1592 igitur
1090 1509 1342 1594 suggestione5

121 1637 139 1670 ιο
153 1620 275 1679 nestrae
295 1614 538 1696 supplicationis
562 1616 714 1698 peragite,
739 1620 777 1680 ut
799 1615 1093 1681 Thessalonicensis
1117 1619 1297 1699 episcopus,

154 1721 204 1802 qni
227 1721 288 1784 sub
308 1721 566 1804 interrogationis
587 1722 719 1786 obtentu
740 1722 990 1788 ecclesiasticam
1008 1743 1118 1806 pacem
1136 1726 1297 1805 protracto

152 1829 181 1892 in
208 1829 342 1912 longum
371 1828 484 1892 nititur
512 1828 667 1910 dissipare
691 1829 830 1912 negotio,
856 1848 951 1911 quam
976 1849 993 1893 a
1016 1830 1110 1894 uobis
1134 1829 1296 1911 suscipere

153 1936 262 2008 noluit,
294 1955 311 1999 a
338 1935 477 2018 principe
509 1935 548 2000 ad
575 1937 686 2000 urbem
715 1936 854 2001 directus
879 1937 918 2000 ab
943 1936 1119 2019 apostolica
1141 1935 1296 2017 percipiat

154 2041 222 2106 sede
252 2041 428 2106 doctrinam
457 2045 498 2118 et,
529 2041 680 2123 quicquid
708 2041 770 2106 sibi
794 2042 927 2106 dubium
950 2045 1053 2125 putat,
1078 2042 1141 2105 huc
1164 2043 1296 2106 ueniens

118 2169 137 2204 1⁵
152 2149 306 2230 praesenti
340 2149 480 2222 anobis
512 2149 719 2231 inquisitione
754 2149 933 2217 condiscat:
968 2150 1014 2213 sic
1048 2149 1130 2214 euim
1163 2149 1296 2231 probare

152 2259 256 2337 potest
280 2275 313 2320 se
339 2257 513 2320 catholicae
536 2256 744 2338 professionis
766 2275 892 2320 seruare
912 2258 1079 2333 caudelam,
1100 2274 1161 2319 non
1179 2255 1296 2319 maliti-

152 2381 202 2426 ose
231 2365 384 2444 concepta
413 2363 572 2426 uindicare
602 2363 783 2427 certamina.
812 2363 893 2427 sciat
920 2382 978 2427 uos
1007 2365 1135 2445 paratos
1165 2381 1234 2427 esse
1265 2365 1340 2427 etti

151 2469 228 2534 bene
247 2470 441 2552 inquirentes
460 2470 616 2534 instruere
637 2474 668 2534 et
687 2473 825 2535 errantes
846 2470 884 2534 ad
903 2469 977 2535 fidei
995 2473 1118 2535 rectum
1136 2469 1296 2535 tramitem

122 2603 124 2610 ·
152 2576 281 2640 scientia
310 2578 388 2667 <laice
416 2596 575 2651 reuocare,
604 2578 679 2659 quia
712 2578 739 2641 si
773 2577 920 2642 dubitans
954 2581 1096 2659 paratam
1129 2597 1191 2641 non
1223 2578 1297 2641 uult

114 2702 135 2737 a
152 2685 281 2766 experiri
320 2684 496 2749 doctrinam
529 2702 587 2749 nec
620 2702 730 2747 rursus
764 2684 795 2747 in
829 2684 1035 2766 simplicitate
1068 2684 1182 2761 cordis,
1216 2704 1296 2766 quae

149 2792 235 2873 pacis
266 2795 298 2855 et
324 2790 488 2873 religionis
518 2810 614 2855 causa
640 2791 799 2864 iubentur,
828 2791 1005 2868 admittere,
1028 2791 1060 2854 in
1094 2794 1202 2873 aperto
1236 2794 1295 2867 est,

151 2918 211 2979 qua
245 2902 350 2961 mente
384 2898 436 2961 nel
469 2897 519 2961 dei
552 2898 651 2961 nostri
678 2899 857 2979 praeceptis
886 2898 1022 2962 obsistat
1050 2900 1102 2961 uel
1130 2897 1295 2962 orthodoxi

150 3004 299 3086 principis
342 3004 484 3087 exernpla
530 3006 720 3069 contemnat.
768 3005 800 3067 in
847 3005 905 3067 hac
951 3024 1025 3088 ergo
1071 3008 1160 3086 parte
1206 3007 1338 3069 totus7

151 3111 367 3195 suggestionis
392 3114 517 3174 uestrae
537 3115 627 3175 actus
648 3111 822 3187 immineat,
844 3111 918 3192 quia
936 3130 993 3175 uec
1012 3112 1061 3175 illi
1081 3112 1142 3175 alia
1160 3114 1297 3192 possunt

111 3238 134 3275 25
151 3220 268 3282 ratione
294 3218 412 3283 saluari
436 3220 467 3281 et
490 3218 639 3281 incitatae
663 3217 766 3297 plebis
791 3219 850 3282 sub
869 3216 930 3281 hoc
949 3218 1063 3281 melius
1081 3216 1296 3281 moderamine

153 3344 245 3389 causa
269 3325 409 3389 sedatur.
434 3344 504 3388 cum
529 3344 591 3406 quo
612 3324 707 3389 etiam
727 3324 901 3388 Aristidem
920 3324 1140 3405 presbyterum
1160 3325 1294 3386 clemen-

152 3432 295 3496 tissimus
319 3432 464 3513 princeps
490 3431 527 3494 ad
548 3450 605 3497 nos
624 3432 731 3495 uenire
751 3431 934 3513 praecipiat,
955 3430 1039 3512 quia,
1060 3429 1145 3493 sicut
1163 3429 1295 3512 praelati

154 3556 270 3613 sumus,
296 3558 415 3613 omnes,
436 3556 569 3619 quorum
589 3558 648 3620 pax
666 3538 882 3602 ecclesiastica
901 3537 1110 3618 ambiguitate
1130 3535 1293 3612 diuiditur,

154 3643 245 3707 simul
274 3644 314 3708 ad
343 3644 595 3709 commrmionem
625 3648 767 3709 nostram
795 3644 928 3727 depulsa
955 3643 1030 3706 mali
1055 3641 1169 3705 erroris
1194 3642 1293 3725 aegri·

114 3750 259 3815 etudine
289 3751 464 3815 catholicae
494 3752 643 3814 scientiae
668 3752 816 3833 cupimus
841 3750 958 3814 sentire
982 3748 1181 3813 medicinam.
1206 3767 1292 3831 prae·
1317 3767 1337 3828 8

154 3860 244 3930 terea,
273 3877 345 3921 mor
372 3858 549 3940 praesentia
577 3876 636 3921 nos
666 3857 836 3942 contigerit
864 3857 982 3940 scripta
1005 3856 1176 3939 suscipere,
1202 3854 1294 3919 debe-

190 4110 362 4165 ldoloseV
427 4105 548 4181 2ppliro
573 4111 599 4165 V
663 4112 773 4185 Soliqd
799 4113 823 4160 V
893 4112 926 4163 12
945 4076 989 4179 qia
1010 4114 1055 4176 (=
1075 4115 1166 4179 quaml
1191 4110 1230 4162 V:
1249 4118 1292 4179 qm

155 4200 351 4269 l=quonianrt
373 4218 390 4249 a
446 4199 577 4268 reputet
598 4198 661 4251 Car.
736 4199 816 4252 th
885 4198 917 4251 15
936 4198 974 4251 sic
998 4198 1035 4249 V:
1053 4198 1076 4249 si
1095 4198 1122 4265 ,οἳ
1177 4199 1210 4251 16
1230 4214 1292 4250 cau-

153 4286 206 4340 tela
228 4288 258 4351 V,
278 4304 347 4343 corr.
369 4286 396 4357 ιο2
433 4286 465 4341 19
484 4292 579 4356 parata
606 4286 634 4354 V,
653 4304 721 4341 corr.
743 4286 770 4356 ,οἳ
806 4289 838 4340 21
860 4286 990 4339 admitere
1015 4286 1041 4337 V
1075 4287 1109 4338 ⁸22
1129 4287 1251 4340 ortodoxi
1270 4286 1296 4339 V

154 4374 187 4427 28
204 4379 287 4430 omnis
311 4376 341 4439 V,
361 4392 429 4431 corr.
450 4396 463 4448 p
518 4378 550 4429 31
571 4394 630 4429 mox
644 4382 699 4429 <ott
719 4374 744 4447 p²
