3025 4975
215 414 280 477 622
581 407 728 461 Hormisda
744 406 850 460 Iustino
870 406 995 476 Augusto

735 600 845 686 (ros.)

261 747 418 793 normann
463 747 589 792 rrsrrno
636 747 790 791 aucusro.
859 726 965 791 Lectis
1009 726 1196 790 clementiae
1236 730 1364 791 uestrae

215 836 352 920 paginis,
395 855 475 918 quae
517 835 702 900 restitutam
740 833 815 897 fidei
853 832 1053 897 concordiam
1095 834 1293 911 nuntiabant,
1332 834 1364 897 in

218 943 343 1007 diuinae
370 943 475 1007 laudis
505 942 664 1006 canticum
688 958 778 1003 mens
802 940 902 1004 totius
927 940 1081 1004 ecclesiae
1104 940 1188 1004 laeta
1210 940 1364 1025 prorupit,

217 1068 279 1132 quo
309 1048 452 1113 canitur:
483 1047 616 1130 gloria
643 1048 684 1109 in
713 1045 893 1109 excelsis
923 1044 994 1132 deo
1028 1046 1131 1109 etin
1160 1048 1266 1109 terra
1293 1066 1366 1129 pax
1396 1067 1410 1107 a
1499 1084 1500 1103 1

173 1155 453 1219 2hominibus
495 1154 621 1218 bonae
664 1151 916 1215 uoluntatis!
986 1150 1083 1215 huius
1120 1152 1221 1236 igitur
1256 1153 1366 1235 hymni
1499 1144 1500 1149 ’

216 1261 334 1326 fiducia
363 1256 489 1345 dig‘nam
518 1259 668 1324 fidelibus
697 1258 820 1323 meritis
850 1258 984 1341 gloriam
1007 1258 1256 1340 felicitatemque
1279 1279 1367 1341 prae·

218 1368 344 1435 sumite.
369 1388 471 1449 neque
496 1365 580 1431 enim
602 1370 635 1430 te
659 1367 705 1429 ita
729 1365 787 1429 deo
811 1365 967 1449 placitum
990 1364 1165 1447 principem
1185 1366 1224 1430 ad
1242 1367 1368 1449 imperii

217 1476 372 1539 uerticem
399 1476 558 1537 humanus
585 1475 711 1536 tantum
740 1490 916 1537 consensus
945 1472 1067 1536 euenit:
1095 1475 1127 1536 te
1152 1472 1214 1537 sibi
1238 1474 1367 1538 diuinus

218 1583 310 1646 fauor
337 1583 409 1645 ante
436 1580 630 1644 formauerat
655 1578 850 1660 tradiditque
878 1578 938 1642 tibi
964 1577 1101 1643 Orientis
1125 1578 1304 1661 imperium,
1330 1584 1367 1644 ut
1389 1600 1414 1641 ιο

219 1688 287 1753 eins
322 1707 453 1771 operum
485 1686 576 1751 fieres
599 1688 860 1759 instrumentum,
890 1688 984 1766 atque
1012 1685 1095 1762 idco,
1124 1690 1161 1749 nt
1188 1686 1248 1750 hoo
1275 1688 1306 1750 in
1335 1691 1368 1751 te

221 1794 445 1877 propheticum
478 1793 599 1857 dictum
632 1791 700 1856 iure
734 1791 912 1869 conueniat,
948 1790 1090 1856 efficitis:
1130 1793 1368 1858 constitues

222 1922 289 1967 eos
312 1901 526 1983 principes
546 1919 668 1982 super
687 1918 836 1964 omnem
856 1902 1016 1975 terram;
1036 1917 1230 1963 memores
1251 1905 1370 1965 erunt

221 2007 399 2072 nominis
441 2009 502 2072 tui
544 2008 581 2071 in
624 2006 728 2070 omni
770 2005 966 2090 progenie
1008 2008 1046 2068 et
1088 2008 1368 2089 generatione.

220 2115 338 2179 etenim
368 2134 441 2178 cum
468 2114 527 2177 tibi
556 2114 600 2177 sit
628 2112 842 2179 Christianam
871 2132 980 2195 pacem
1005 2130 1131 2176 seruare
1154 2114 1368 2195 propositum,
1389 2138 1414 2179 15

179 2222 200 2282 3
225 2221 296 2304 quis
321 2224 353 2286 te
377 2220 503 2285 dubitet
526 2240 545 2283 a
568 2220 694 2284 Christo
719 2238 790 2283 esse
815 2219 999 2283 delectum?
1067 2220 1146 2283 liaeo
1169 2219 1272 2302 prima
1296 2225 1373 2285 sunt

221 2328 321 2392 uestri
335 2326 521 2391 fundamina
533 2325 739 2408 principatus,
756 2326 851 2389 deum
865 2326 1011 2407 placasse
1025 2325 1150 2389 iustitia
1164 2331 1196 2390 et
1214 2326 1371 2391 ascinisse

221 2434 316 2500 uobis
353 2432 638 2498 excellentissimae
674 2433 853 2497 maiestatis
892 2432 1016 2511 auxilia,
1056 2431 1131 2496 dum
1173 2432 1372 2500 aduersarios

223 2541 291 2604 eius
332 2541 424 2604 uelut
464 2541 607 2622 proprios
650 2539 862 2620 comprimitis
904 2539 1062 2604 inimicos.
1104 2539 1181 2603 haec
1219 2541 1372 2604 nimirum

221 2645 359 2710 maxima
371 2647 417 2710 rei
431 2646 578 2728 publicae
593 2646 799 2710 fundamenta
815 2649 899 2724 sunt,
916 2647 975 2710 hoc
991 2646 1130 2710 solidum
1149 2645 1373 2731 inuictumque
1390 2673 1417 2713 ao
1499 2651 1500 2662 ³

222 2752 328 2816 robur.
353 2772 454 2834 neque
479 2753 561 2816 enim
586 2752 733 2816 humanis
752 2751 871 2816 ictibus
891 2756 998 2835 potest
1018 2772 1088 2817 esse
1107 2753 1263 2836 peruium,
1285 2755 1373 2836 quod

179 2862 200 2923 4
225 2861 275 2922 est
298 2858 424 2922 diuinae
448 2859 567 2943 gratiae
590 2859 740 2923 finniiate
764 2859 929 2925 uallatum.
954 2859 1047 2923 testis
1072 2865 1121 2923 est
1143 2859 1217 2924 huic
1236 2861 1373 2943 prophe-

222 2965 287 3028 tica
311 2965 478 3048 scriptura,
504 2965 548 3031 ait
572 2966 671 3030 enim:
697 2965 806 3049 elegi
830 2966 960 3030 Dauid
986 2985 1149 3031 seruum
1178 2987 1303 3031 meum
1333 2972 1374 3032 et

222 3073 261 3135 in
288 3071 377 3136 oleo
402 3075 543 3137 sancto
568 3073 662 3137 unxi
686 3091 789 3148 enm3
814 3091 953 3136 manus
979 3073 1080 3136 enim
1101 3091 1184 3137 mea
1203 3075 1374 3140 auxilia-

223 3177 338 3241 bitur
361 3179 394 3242 ei
419 3182 457 3242 et
480 3179 692 3242 brachium
715 3197 843 3242 meum
867 3177 1121 3244 confortabit
1145 3199 1240 3244 eum.
1262 3185 1374 3246 contra
1392 3209 1418 3248 sa
1499 3255 1500 3258 Ἴ

222 3286 329 3348 autem
357 3285 477 3349 frustra
505 3303 600 3363 arma,
629 3286 748 3348 frustra
772 3284 834 3349 sibi
858 3285 965 3367 copias
990 3286 1123 3367 quaerit,
1149 3305 1243 3368 quem
1268 3289 1375 3371 gratia

311 3531 327 3583 5
346 3529 410 3582 Luc.
430 3531 457 3592 2,
477 3530 511 3583 14
567 3529 600 3583 12
618 3530 718 3584 Psalm.
737 3531 781 3592 44,
804 3530 835 3583 17
856 3547 894 3600 sq.
951 3531 984 3584 23
1004 3531 1103 3585 Psalm.
1123 3531 1166 3594 88,
1187 3532 1219 3585 21
1240 3549 1281 3601 sq.

257 3669 318 3723 1118.
392 3669 460 3722 Dat.
487 3671 582 3735 (amul
600 3688 661 3724 cum
684 3645 827 3740 61111162,
848 3675 913 3734 170,
934 3675 997 3736 174,
1017 3677 1182 3742 176-780)
1203 3651 1308 3727 aj519
1328 3675 1377 3730 die

224 3757 337 3809 alulit
359 3773 412 3825 per
433 3757 598 3814 Paulinum.
671 3760 746 3814 Edd.
775 3759 838 3813 Car.
863 3759 894 3812 Ι2
920 3763 987 3826 501,·
1011 3761 1081 3817 Bar.
1105 3763 1144 3815 ad
1172 3779 1197 3816 a.
1229 3765 1290 3826 519,
1320 3767 1376 3832 73,·

226 3844 333 3898 Collect.
356 3844 475 3912 Coraca,
492 3847 575 3899 BTA
594 3847 616 3900 I
633 3851 700 3913 4·?2,·
723 3847 805 3901 Yba'el
824 3851 893 3904 877,
947 3848 963 3900 3
982 3850 1131 3905 restituta.
1149 3895 1154 3906 .
1170 3851 1315 3905 concordia
1341 3853 1376 3920 V,

222 3949 320 4002 corrup
357 3935 455 3987 dhnic
473 3935 505 3999 V,
525 3951 594 3989 corr.
609 3935 636 4005 p²
676 3937 762 3989 himni
781 3936 808 3990 V
842 3937 874 3991 10
890 3935 968 3990 fabor
988 3938 1013 3988 V
1049 3940 1081 3992 12
1096 3940 1178 3992 efficis
1193 3938 1226 4012 9²,
1242 3940 1376 3996 efficiatis

225 4023 298 4086 Gar,
318 4023 419 4077 efficias
443 4023 520 4078 Ball.
548 4025 634 4078 Your.
709 4029 742 4081 13
766 4027 887 4096 principe
911 4045 960 4096 sup
986 4027 1016 4091 V,
1042 4045 1110 4082 corr.
1132 4047 1149 4079 α
1218 4031 1251 4083 16
1269 4047 1323 4100 npo
1351 4031 1379 4084 V

221 4139 350 4192 dilectum
374 4139 405 4202 V,
425 4155 493 4193 corr.
513 4141 583 4195 Bar.
641 4141 674 4194 18
693 4143 865 4211 magiestatis
883 4143 909 4196 V
960 4145 994 4197 22
1014 4110 1145 4198 ubllatum
1166 4144 1192 4197 V
1243 4146 1277 4199 23
1298 4149 1375 4202 etin

220 4227 299 4281 holeo
319 4232 412 4282 sancto
436 4229 473 4281 V:
492 4228 572 4282 holeo
591 4236 684 4284 sancto
703 4249 764 4285 meo
785 4251 802 4282 α
821 4247 880 4286 cum
905 4234 1028 4303 Vulpata
1092 4234 1127 4287 25
1147 4235 1315 4289 confortarit
1341 4238 1375 4302 V,

221 4331 290 4370 corr⁴
312 4335 325 4366 o
