3025 4975
494 424 580 495 Epist.
601 423 672 479 cxx
693 424 723 477 11
745 452 777 465 -
798 423 898 479 cxxc
915 425 941 478 4.
1227 428 1291 491 533

146 622 298 705 quatenus
336 619 491 685 desideria
528 622 637 685 nostra
675 619 729 683 diu
767 638 922 703 suspensa
953 638 1024 684 esse
1061 638 1123 684 non
1154 619 1289 702 possint.

147 729 224 793 Data
245 728 335 793 XIII.
359 728 432 793 Kal.
456 728 608 792 Decemb.
632 727 726 792 Petro
751 746 839 793 cons.

361 1064 536 1111 ln'nlconos
569 1064 629 1109 PER
651 1063 824 1109 Pomona!
848 1063 1076 1109 soaomconct.

120 1196 131 1235 a
189 1171 269 1237 Cum
302 1170 354 1235 dei
386 1170 543 1234 adiutorio
573 1172 605 1233 et
632 1170 828 1234 oratinnibus
860 1173 1041 1234 sanctorum
1074 1170 1291 1252 apostolorum

146 1278 228 1343 Petri
252 1280 285 1349 et
302 1276 396 1343 Pauli
419 1276 549 1341 ueniens
574 1276 612 1341 ad
631 1276 813 1359 Nicopolim
837 1276 884 1341 sic
907 1274 1004 1341 debes
1028 1295 1131 1360 agere,
1150 1280 1188 1341 nt
1205 1281 1292 1359 post-

146 1405 235 1469 quam
261 1384 432 1468 episcopns
456 1383 699 1465 Nicopolitanus
729 1383 886 1466 acceperit
913 1384 1036 1448 litteras
1065 1386 1200 1459 nostras,
1229 1383 1293 1465 epi-

146 1511 267 1573 scopos,
307 1490 362 1573 qui
395 1493 471 1555 sunt
502 1490 532 1555 in
567 1508 625 1554 sua
657 1491 815 1571 paroecia,
848 1489 981 1575 colligat
1018 1493 1050 1556 ot
1086 1488 1183 1555 faciat
1218 1489 1292 1553 sub·

146 1599 281 1663 scribere
304 1598 334 1661 in
361 1596 517 1673 libellum,
542 1616 635 1679 quem
659 1598 690 1659 in
715 1597 860 1680 epistolis
885 1597 953 1660 suis
981 1596 1100 1661 babent
1128 1595 1292 1662 adnexum.

109 1730 129 1769 n
145 1705 171 1769 si
184 1706 289 1769 tamen
306 1702 418 1768 dixerit
432 1703 615 1786 praedictus
631 1703 800 1787 episcopus
820 1722 890 1768 esse
908 1703 1104 1767 laboriosum
1124 1703 1292 1785 episcopos
1315 1710 1336 1771 2

145 1810 306 1894 colligere,
335 1809 451 1895 din'gat
477 1812 583 1875 tecum
612 1827 763 1893 personas
790 1829 847 1893 por
873 1809 1019 1894 singulos
1048 1808 1226 1892 episcopos,
1254 1812 1292 1873 ut

144 1922 174 1981 te
202 1920 369 2001 praesente
397 1916 600 1981 subscribant
626 1916 658 1980 in
687 1916 884 1999 praedIctum
916 1916 1073 1981 libellum.
1112 1916 1158 1981 sic
1185 1922 1291 1980 tamen
1315 1922 1336 1985 3

145 2042 215 2087 cum
235 2023 286 2087 dei
305 2022 521 2088 antsericordia
540 2022 643 2087 facere
662 2023 769 2101 debes,
788 2024 1008 2105 mammolas,
1028 2033 1185 2106 quae<a>
1200 2022 1292 2087 nobis

144 2130 260 2194 missae
284 2133 370 2204 sunt,
394 2130 520 2212 publice
544 2129 701 2213 legantur,
726 2132 782 2193 aut
805 2129 833 2192 si
856 2130 975 2193 uideris
998 2149 1072 2213 prae
1095 2130 1208 2194 timore
1231 2130 1292 2194 hoo

108 2260 128 2299 n
145 2236 312 2320 episcopos
336 2236 440 2301 lacere
464 2237 558 2313 nolle,
583 2238 697 2301 saltem
721 2236 774 2301 uel
797 2236 921 2301 clericis
946 2236 1014 2301 suis
1037 2236 1116 2301 haec
1138 2237 1291 2320 relegant.

146 2362 223 2424 quae
252 2346 360 2405 tamen
388 2342 421 2404 in
444 2340 585 2423 ipsorum
611 2340 735 2405 dimitte
759 2343 952 2424 potestatem
975 2345 1007 2405 st
1030 2340 1149 2423 scripta
1171 2340 1292 2423 episco-

146 2468 256 2532 porum
285 2450 318 2514 et
344 2447 432 2514 illios
461 2448 612 2532 episcopi,
640 2448 701 2513 hoc
729 2451 780 2512 est
802 2448 949 2513 Iohannis
976 2446 1224 2532 metropolitani,
1252 2446 1292 2512 ad

146 2575 200 2620 nos
229 2575 304 2620 cum
333 2555 382 2620 dei
411 2554 628 2620 misericordIa
659 2559 795 2637 reporta.
835 2561 911 2636 post
940 2555 1001 2636 hoc
1033 2556 1152 2621 lactum
1185 2555 1336 2628 nnllas4

147 2683 248 2728 moras
273 2666 306 2727 te
325 2663 475 2727 uolumus
495 2661 612 2726 ibidem
630 2661 732 2726 lacere
750 2665 879 2744 propter
896 2662 1029 2727 insidias
1049 2667 1082 2727 et
1100 2661 1291 2728 calliditates

107 2793 129 2833 a
145 2769 355 2835 immicorum.

179 2960 246 3016 122.
320 2961 389 3016 Dat.
409 2960 505 3026 (simad
523 2975 582 3014 cum
601 2977 641 3029 ep.
662 2964 726 3028 121)
746 2977 773 3015 α.
796 2963 850 3014 516
868 2961 912 3015 die
930 2963 967 3014 19
984 2961 1059 3016 Nou.
1128 2961 1202 3017 Edd.
1225 2961 1289 3016 Car.

146 3047 174 3102 1²
188 3053 265 3118 454,-
282 3049 351 3104 Bor.
367 3049 407 3104 ad
425 3067 450 3103 o.
474 3053 536 3114 516,
558 3052 609 3114 643
631 3049 740 3104 Gollccl.
764 3049 883 3116 Concil.,·
900 3050 984 3104 BTA
998 3051 1019 3104 I
1032 3053 1106 3117 386;
1127 3051 1206 3105 Talei
1222 3053 1290 3104 780.

146 3139 321 3192 lmmcvavn
343 3137 375 3200 V,
395 3155 463 3192 corr.
483 3135 511 3190 0²
566 3137 730 3208 lacciperit
749 3137 776 3191 V
827 3139 910 3208 8qui
929 3143 993 3192 sunt
1012 3140 1116 3210 (=qui
1136 3144 1158 3205 1)
1175 3139 1289 3193 Hariel:

147 3243 212 3296 qnos
236 3227 279 3280 Vo
367 3228 493 3297 paroecia
514 3227 663 3281 <babet>o
736 3229 860 3296 aquom
884 3246 911 3282 o:
936 3229 1007 3297 quod
1036 3227 1062 3280 V
1155 3226 1292 3282 abentV

149 3315 179 3368 12
197 3316 235 3368 sic
255 3335 283 3368 o:
303 3315 326 3369 si
348 3315 376 3368 V
414 3315 446 3369 13
465 3333 481 3369 a
499 3315 647 3370 insecutio
690 3317 806 3386 loprae
825 3317 883 3371 cod.
903 3317 1105 3388 Aspiciespro
1129 3317 1155 3371 V
1195 3318 1227 3372 15
1246 3319 1291 3371 uel

147 3419 195 3454 om.
214 3403 283 3456 Bar.
357 3419 404 3456 sae
429 3403 459 3466 V,
479 3417 582 3459 corno
648 3404 680 3458 16
699 3403 833 3458 dimittito
857 3404 887 3467 V,
907 3420 1011 3475 comp
1066 3407 1101 3460 20
1115 3412 1181 3474 post
1198 3407 1289 3460 inimi·

148 3507 233 3544 coram
254 3497 318 3546 ania
336 3491 447 3546 titulum
465 3509 505 3561 ep.
523 3495 721 3562 masopane
737 3493 770 3546 in
787 3493 937 3563 morpinem
955 3495 1130 3549 excurrentia
1149 3495 1174 3548 V
1189 3495 1289 3549 charo-

146 3587 212 3633 ctera
236 3580 383 3634 minutiore
411 3581 492 3634 addit
518 3581 604 3635 uerbo
629 3599 677 3652 per
703 3583 850 3637 Iohannem
880 3582 1023 3637 diaconum
1051 3584 1122 3649 eius;
1150 3601 1221 3652 quoe
1244 3602 1289 3655 epo

146 3668 225 3722 reieci
236 3673 302 3738 post
320 3668 430 3723 tilulum
449 3686 488 3738 ep.
507 3673 572 3738 123,
592 3672 625 3740 cs.
645 3671 778 3741 Beilrcipe
795 3675 831 3726 12
847 3688 903 3740 sqq.
