3025 4975
200 480 265 544 896

737 470 853 524 Iudex

236 670 314 723 nobis
351 668 475 722 fomitem
509 665 650 719 beatitudo
684 669 775 717 uestra
803 662 899 716 fossio:
927 680 975 731 per
1003 662 1148 716 fossionem
1173 662 1287 716 scrutari
1310 678 1379 732 quae

236 758 369 812 concessit
397 758 489 826 aliqua
511 753 647 824 Tryphoni
674 768 774 822 sugge-

838 753 865 804 in
885 751 1017 822 profundo
1038 755 1102 805 sunt
1119 752 1196 824 25822

235 846 320 900 reuda
343 845 531 900 mandauirnus
551 842 773 915 2242211111511-
803 840 918 893 fossores
938 842 978 909 322

233 935 285 989 bili
322 939 370 988 aut
406 932 592 988 inrationabili
624 930 774 985 occasionis
802 928 971 983 fraternitas:
1008 933 1053 995 (=
1081 930 1192 983 animus
1220 928 1378 997 fraternus)

233 1024 330 1078 fomite
350 1024 413 1095 7072

198 1114 330 1167 foramen:
350 1128 398 1181 per
416 1111 556 1180 angustias
575 1106 714 1162 foraminis
733 1106 773 1178 822

199 1203 284 1257 foras:
308 1201 406 1257 asede
425 1200 500 1254 Petri
518 1196 668 1251 homicidas
687 1196 773 1249 foras!

234 1292 273 1363 42,
286 1290 360 1344 foras
374 1288 498 1342 sublatus
510 1286 576 1359 1822,
585 1302 619 1339 ne
635 1285 694 1355 quis
707 1283 773 1337 mis·

235 1398 278 1435 sas
297 1379 370 1435 foras
389 1378 501 1432 ciuitate
519 1379 627 1429 teneret
645 1374 709 1444 6432

198 1471 267 1523 fore:
287 1471 319 1522 ut
337 1466 459 1521 adessem
478 1482 527 1519 neo
546 1464 699 1518 defuturum
716 1461 773 1514 fore

233 1560 419 1629 promitterem
440 1556 463 1608 si
483 1585 494 1595 -
514 1553 589 1625 11022

198 1648 283 1703 fores:
303 1646 422 1701 effractis
440 1644 544 1697 foribus
563 1644 603 1715 322

199 1738 264 1791 foris
284 1736 397 1789 oduerb.
417 1735 461 1803 242

197 1818 772 1891 1ο11111;1111511511511111511111151111529022.

232 1913 297 1967 fidei
333 1914 409 1983 22522
447 1912 532 1982 37122,
573 1908 772 1979 professionum

232 2003 317 2073 23022,
345 2001 415 2054 hane
439 2016 502 2053 uero
526 1999 638 2052 formam
667 1998 774 2052 tenebit

232 2090 260 2143 iu
285 2092 421 2159 posterum
441 2088 589 2159 111-4822,,
613 2103 682 2156 quae
702 2087 772 2139 uiea

232 2178 280 2233 riis
307 2178 391 2231 fuerit
418 2176 658 2247 dispensandarum
685 2192 772 2229 rerum

231 2268 318 2323 forma
349 2266 478 2321 mandata
508 2267 592 2337 31222.
626 2264 772 2318 seeundum

840 1018 901 1089 1162
917 1020 1001 1091 33222.
1018 1050 1051 1058 -
1068 1024 1200 1084 (concrete
1214 1042 1248 1064 =
1262 1020 1376 1086 fratres)

838 1108 882 1180 292
912 1108 968 1179 3822
983 1144 1005 1180 22
1035 1108 1110 1179 32922
1136 1112 1193 1169 etc..
1221 1108 1377 1163 fraternitas

837 1212 897 1249 mea
917 1201 945 1250 et
964 1214 1014 1267 ego
1030 1214 1090 1251 curn
1105 1197 1144 1251 eis
1160 1198 1232 1268 1862.
1246 1227 1279 1235 -
1293 1196 1376 1265 (ulto-

838 1287 911 1339 51111
939 1303 995 1355 qua
1017 1285 1172 1340 sacerdotes
1195 1284 1379 1354 alloquuntur

836 1374 1014 1441 sacerdotem:
1043 1375 1199 1429 fratsmitas
1226 1378 1275 1428 tua
1302 1375 1375 1446 12022

839 1465 912 1536 12122
938 1464 1000 1535 1522
1027 1465 1102 1537 33222
1127 1468 1183 1527 etc..
1208 1466 1255 1517 tua
1280 1462 1376 1517 frater-

836 1552 908 1604 nitas
924 1554 986 1623 5532
1003 1553 1088 1625 66822,
1107 1553 1265 1607 fraternitas
1286 1556 1378 1605 uestra

838 1640 883 1707 (de
900 1640 1042 1709 pluribus)
1066 1642 1112 1713 922
1139 1643 1196 1715 9922
1218 1642 1280 1714 1232
1301 1643 1376 1713 73922

838 1730 1022 1801 7402151111
1044 1730 1201 1784 fraternitas
1226 1732 1271 1797 (de
1283 1730 1376 1799 pluri·

838 1819 898 1885 bus)
921 1820 994 1889 11622
1014 1820 1077 1891 2202
1096 1820 1183 1892 46622,
1207 1824 1300 1875 uestra
1322 1820 1376 1875 fra-

836 1908 951 1961 ternitas
975 1907 1019 1979 (de
1042 1913 1109 1974 uno)
1134 1912 1197 1981 3352
1222 1910 1308 1981 53222.
1330 1927 1375 1963 ue·

837 2000 909 2051 strae
924 1996 1104 2052 beatitudinis
1115 2004 1209 2053 saneta
1218 1999 1375 2055 fraternitas

837 2084 881 2155 (de
895 2088 986 2155 papa)
1002 2088 1086 2159 65322,
1102 2088 1172 2141 circa
1190 2092 1311 2143 uestram
1330 2107 1375 2144 ue·

836 2174 983 2229 notabilem
1006 2174 1204 2231 fraternitatem
1224 2178 1269 2245 (de
1282 2184 1374 2249 papa)

837 2264 900 2334 6542

233 2355 446 2411 eeclesiasticam
481 2353 596 2407 formam
626 2352 772 2407 credidisse
801 2352 985 2408 fraudulente:
1005 2355 1057 2408 hoc
1075 2354 1276 2411 fraudulentius
1292 2360 1375 2427 agunt

232 2448 305 2519 2632,
325 2449 356 2501 ut
375 2461 467 2499 omues
486 2442 574 2498 libelli
590 2442 639 2497 sub
654 2442 705 2497 hac
717 2442 771 2497 for·

836 2442 875 2516 621

232 2553 278 2590 ma
300 2533 466 2589 beatitudini
490 2537 597 2586 uestrae
624 2531 773 2587 reddantur
800 2532 984 2586 fraudulentia
1005 2533 1077 2606 10522

232 2625 318 2693 23222,
351 2620 500 2676 secundum
532 2621 645 2675 formam
678 2620 772 2691 synodi
800 2621 988 2676 fraudulentus
1027 2623 1079 2695 102,
1118 2621 1377 2679 fraudulentissimis

233 2711 462 2767 Chalcedonensis
487 2712 560 2783 3752,
588 2727 636 2780 per
663 2709 771 2766 Caloed.

837 2711 1113 2765 circumuentionibus
1131 2715 1159 2784 62

232 2799 773 2869 1111411511111113872,1111515111
801 2799 890 2852 freno:
914 2805 971 2853 tam
994 2800 1076 2854 uilem
1099 2817 1242 2871 personam
1266 2801 1312 2855 uel
1335 2803 1376 2855 in-

231 2887 356 2942 fecerunt
388 2888 417 2953 (i.
446 2907 468 2942 5.
497 2888 562 2942 truie
588 2889 773 2956 professionis

836 2888 965 2956 tellegere
985 2889 1029 2942 uel
1048 2888 1152 2942 frenare
1171 2889 1235 2960 3582

225 2977 338 3044 formae
364 2976 594 3045 subscn'pserunt)
623 2976 770 3031 Menas...
800 2977 934 3031 fructifico
953 2977 1095 3031 1111151511.
1115 2978 1179 3050 3832
1199 2979 1277 3050 52522

233 3066 285 3120 232

194 3102 309 3208 151111οξ8
323 3155 432 3208 litteras
459 3154 553 3223 plenas
580 3154 633 3208 fide
656 3157 770 3225 totoque

230 3244 371 3312 religionis
390 3244 540 3298 catholicae
559 3244 653 3312 uigore
672 3243 770 3299 foruna·

230 3336 273 3385 tas
292 3333 349 3404 922,
372 3333 463 3386 omnia
487 3331 580 3385 eodem
605 3349 685 3386 sensu
708 3349 770 3387 seu-

800 3065 945 3120 fruotiuus:
982 3081 1032 3120 neo
1062 3066 1092 3119 in
1125 3066 1278 3122 dominicae
1311 3069 1376 3122 uitis

835 3154 980 3208 fructiuam
1000 3154 1074 3208 ualet
1093 3155 1179 3209 redire
1196 3158 1375 3226 propaginem

835 3242 908 3313 quod
918 3243 975 3313 igni
990 3242 1149 3313 deputatum
1164 3249 1273 3300 constat
1287 3250 1375 3300 aeter·

834 3349 869 3386 no
890 3333 964 3404 12822

230 3419 379 3490 tertiisque
394 3420 608 3493 1ο111111510322,
625 3421 657 3474 de
671 3421 769 3475 Nonno
798 3420 916 3474 fructus:
936 3422 971 3475 ad
986 3437 1054 3492 quos
1069 3422 1139 3476 euim
1155 3423 1259 3476 fruetus
1274 3441 1375 3493 poenas

229 3510 401 3563 tractandum
430 3513 472 3562 est
497 3509 564 3578 quid
587 3512 712 3580 oporteat
737 3511 770 3564 de
832 3513 1001 3578 mortemque
1029 3509 1098 3564 ferre
1123 3511 1375 3585 11115111122222

231 3615 262 3651 eo
281 3598 392 3652 forinari
410 3599 483 3669 2982,
509 3615 645 3652 sacrarum
663 3598 769 3653 littera·
798 3597 868 3652 frux:
888 3598 987 3652 laicum
1003 3599 1089 3652 uirum
1106 3597 1140 3652 ad
1154 3597 1252 3652 bonam
1268 3600 1374 3670 frugem

230 3703 290 3739 rum
309 3687 483 3740 institutione
503 3687 634 3740 formatus
652 3689 728 3760 52422

833 3687 916 3756 longa
940 3703 1005 3756 erga
1028 3687 1107 3740 deum
1131 3688 1265 3742 seruitute
1284 3690 1374 3743 niten-

194 3773 336 3828 fornicatio
355 3777 515 3848 454222222
534 3775 768 3850 511111111141122,
832 3780 888 3830 tem
910 3776 984 3846 10422

230 3861 388 3932 principalis
409 3864 457 3917 illa
475 3864 619 3918 fornicatio
639 3881 691 3935 qua
711 3867 768 3919 aui·
797 3865 943 3919 fundamen
965 3863 1040 3937 10022
1059 3865 1134 3936 62222

232 3969 276 4004 ma
294 3952 430 4005 alienatur
448 3968 464 4006 a
482 3952 533 4007 deo
552 3955 617 4023 4222

797 3952 893 4007 fundo:
923 3954 1083 4023 sanguinem
1109 3955 1164 4026 1322
1187 3992 1207 4026 22
1231 3955 1290 4025 2622
1316 3955 1374 4028 4322

194 4039 322 4094 fornicor:
354 4041 509 4111 coniugium
528 4042 601 4112 quod
619 4041 770 4097 fornicatur
798 4041 910 4096 fundus:
933 4043 988 4115 1722
1002 4079 1025 4115 22
1040 4079 1072 4115 22,
1091 4042 1191 4096 fiscalis
1212 4044 1341 4116 14221722

232 4127 316 4182 adeo
336 4131 412 4202 42422

193 4217 316 4271 fortassis
350 4219 406 4292 1322
431 4257 455 4291 22
486 4220 550 4292 4832
585 4221 661 4293 52322
693 4221 768 4294 75022

229 4309 292 4379 7522

797 4130 878 4184 funus
917 4135 962 4196 (=
993 4131 1145 4197 caducam:
1179 4131 1315 4186 occiditur
1346 4136 1373 4186 et

833 4221 912 4275 funus
936 4221 1089 4277 incenditur
1112 4221 1267 4292 cineresque
1287 4223 1372 4294 ipsius

833 4314 997 4380 sparguntur
1015 4311 1043 4364 in
1062 4314 1159 4364 uentos
1178 4311 1255 4384 44522

193 4395 279 4450 forum
297 4413 320 4450 o.
336 4397 454 4450 indicem
470 4397 590 4450 locorum
608 4414 629 4451 s.
644 4414 667 4452 o.
684 4397 770 4451 Roma
797 4397 871 4452 fusco
891 4398 1028 4452 translate
1046 4400 1122 4470 41722
1142 4399 1207 4472 5622
1221 4436 1244 4472 22
