3025 4975
469 432 556 502 Epist.
575 432 687 487 CLVIII
705 435 721 485 5
741 462 775 471 -
796 430 879 486 CLIX
900 432 922 485 l.
1202 434 1267 499 607

133 650 218 712 quam
245 628 337 695 sedes
366 628 541 711 apostolica
570 628 753 705 destinauit,
785 629 818 692 in
851 627 1006 693 unitatem
1036 626 1269 692 communionis

133 737 221 801 luisse
245 739 442 819 susceptum.
468 736 584 818 quibus
607 735 724 800 litteris
748 735 846 799 etiarn
869 734 957 817 ipsos
980 734 1125 799 hortetur
1152 734 1270 798 similia

132 843 268 925 profiteri.
321 842 406 925 quod
431 842 458 906 si
480 842 512 907 in
536 843 594 907 hac
618 846 707 927 parte
730 842 902 925 imperator
925 840 1045 923 aliquid
1070 841 1269 905 difficultatis
1284 836 1320 900 ll

133 950 273 1027 attulerit,
289 950 459 1033 episcopus
471 949 841 1033 constantinopolitanus
854 949 981 1014 directis
993 948 1269 1031 praeceptionibus

107 1057 278 1140 repiscopis
303 1057 372 1121 suis
395 1057 625 1139 paroecialibus
650 1056 702 1121 uel
721 1058 833 1121 ceteris
854 1055 1106 1139 metropolitanis
1125 1074 1270 1137 praesen-

133 1165 207 1228 tibus
230 1163 287 1242 eis,
313 1165 369 1247 qui
393 1183 411 1228 s
433 1165 526 1229 nobis
544 1165 664 1247 pariter
684 1164 797 1227 directi
816 1164 943 1241 luerint,
964 1162 1040 1245 quid
1059 1164 1128 1246 ipse
1147 1162 1268 1241 lecerit,

133 1271 308 1336 innotescat.
337 1270 423 1353 quod
451 1272 489 1335 ab
519 1290 555 1335 eo
584 1271 687 1336 modis
717 1269 865 1335 omnibus
894 1288 953 1335 uos
982 1272 1106 1352 oportet
1135 1269 1268 1353 exigere,

133 1381 165 1440 rt
183 1376 255 1441 lacti
279 1378 376 1443 huius
400 1378 584 1443 testimonio
608 1382 795 1462 peragrante
819 1378 915 1442 etiam
935 1378 1112 1455 uniuersos,
1135 1376 1191 1441 uel
1215 1376 1269 1459 qui

133 1482 214 1567 longe
236 1488 312 1549 sunt
334 1485 442 1568 positi,
466 1486 565 1549 latere
589 1504 650 1550 non
673 1484 788 1568 possit.

99 1782 119 1817 n
640 1730 748 1816 (159.)

178 1891 331 1937 EXHPLU!
354 1893 472 1937 LIBELLI
495 1893 646 1937 IOHANNIS
669 1893 815 1937 EPISCOPI
839 1892 1218 1939 CONSTANTINOPOLITANI.

170 2034 279 2079 nonno
302 2034 364 2079 mro
388 2035 570 2079 redonnus
594 2034 796 2080 snncrrosnro
820 2036 859 2079 nr
883 2034 1066 2079 srnrrssrrro
1091 2034 1205 2079 rnnrm
1228 2036 1266 2079 nr

134 2140 402 2187 comrrsrnnrom
424 2142 600 2187 nonmsonn
624 2142 783 2187 ronnrmrs
804 2142 838 2187 rr
857 2142 973 2186 nonrno
994 2140 1140 2186 ennurnn.
1187 2122 1268 2185 Red-

134 2227 199 2291 ditis
225 2230 303 2293 milri
330 2229 448 2294 litteris
476 2234 602 2295 uestrae
631 2231 821 2298 sanctitatis.
845 2231 876 2293 in
903 2230 1028 2295 Christo
1052 2231 1149 2294 frater
1171 2230 1268 2293 karis-

98 2366 119 2401 ιε
133 2335 212 2410 sime,
226 2355 281 2417 per
300 2335 435 2401 Gratum
455 2337 667 2401 clarissimum
687 2337 836 2401 comitem
857 2338 888 2400 et
906 2356 989 2401 nunc
1005 2356 1060 2419 per
1075 2336 1268 2400 Germanum

134 2444 162 2504 et
180 2441 346 2507 Iohannem
371 2444 645 2510 reuerentissimos
669 2444 845 2527 episcopor,
870 2442 1008 2508 Felicem
1029 2446 1060 2508 ct
1079 2442 1267 2508 Dioscornm

134 2549 341 2615 sanctissimos
371 2551 520 2615 diaconos
550 2556 582 2615 et
608 2551 767 2616 Blandum
791 2552 1011 2634 presbyterum
1034 2553 1172 2614 laetatus
1196 2568 1268 2614 sum

134 2653 168 2716 dc
188 2656 318 2738 spiritaii
343 2657 473 2738 caritate
497 2661 623 2722 uestrae
646 2660 837 2736 sanctitatis,
858 2658 943 2741 quod
962 2660 1117 2723 unitatem
1136 2659 1267 2722 sanctis·

134 2760 272 2826 simarum
301 2762 351 2828 dei
382 2764 588 2828 ecclesiarum
617 2765 793 2829 secundum
816 2770 957 2830 ueterem
981 2769 1106 2848 patrum
1131 2765 1266 2849 requiris

163 3091 330 3160 incoeptum
355 3091 380 3144 V

163 3196 223 3250 ltu.
276 3197 403 3252 Libellus
419 3199 589 3268 subscriptus
608 3218 633 3254 a.
657 3205 711 3254 519
730 3203 949 3265 arcesilam,
968 3205 1087 3257 Ronranr
1106 3206 1203 3258 rnissus
1222 3204 1266 3258 die

22 3330 23 3333 ,
132 3286 166 3334 22
180 3287 244 3353 Ape.
264 3288 362 3352 (simul
381 3305 441 3340 mern
459 3305 517 3356 epp.
539 3293 694 3354 rto-165,
715 3294 778 3354 167,
798 3295 869 3358 223)
886 3309 937 3360 per
959 3293 1130 3358 Pollionem·
1154 3299 1265 3361 accepta

129 3371 169 3424 die
184 3378 217 3426 19
233 3375 321 3428 Iunii.
420 3377 495 3430 Edu,
525 3379 588 3432 Car.
616 3377 647 3431 1²
674 3383 740 3447 491,·
765 3381 834 3433 Bar.
864 3382 903 3434 ad
927 3398 952 3436 a.
982 3383 1044 3444 519,
1074 3386 1126 3448 48,·
1154 3383 1264 3437 Colleci.

133 3459 223 3516 Concil.
253 3464 310 3517 ium
334 3463 400 3518 indo
427 3483 445 3519 a
469 3465 607 3532 Merlino;
640 3467 718 3520 Tiriel
752 3473 820 3522 852.
946 3469 1063 3524 Praeter
1095 3471 1265 3524 Auellanam

128 3554 196 3603 nial
220 3551 250 3606 in
277 3553 435 3608 collectione
456 3553 590 3624 Hispana
619 3555 672 3622 (ed.
700 3555 838 3611 Gonecles
861 3559 900 3612 II
919 3576 946 3612 n.
972 3562 1011 3612 88
1029 3577 1059 3626 p.
1086 3562 1163 3626 144),
1192 3559 1265 3612 uirile

128 3639 230 3692 transiit
256 3641 288 3694 in
314 3641 610 3697 Pseudoisidorianam
638 3659 677 3712 (p.
706 3649 766 3700 688
790 3647 830 3700 ecl.
855 3645 1016 3711 Hieremias,
1040 3648 1088 3715 qni
1111 3654 1210 3712 tauren,
1234 3655 1265 3702 nt

125 3726 185 3780 colel
201 3729 231 3782 in
249 3729 374 3798 epistulis
390 3731 526 3800 penninis,
545 3749 602 3787 non
621 3734 745 3788 codicum
763 3735 974 3790 Pseudoisr'dori
992 3743 1094 3789 leaelrrm
1111 3737 1200 3802 obfert
1217 3737 1265 3790 sed

127 3814 245 3870 editionis
264 3819 455 3886 Gonzaleeii):
472 3821 555 3889 Hisp.
571 3847 604 3866 =
620 3839 766 3878 consensus
780 3826 908 3880 editionis
926 3825 1085 3879 Genealeeii
1098 3829 1145 3891 (=
1164 3825 1262 3894 Gerre.)

126 3908 148 3954 el
164 3905 283 3960 codicum
299 3909 312 3960 i
331 3907 367 3974 (5¹
386 3933 420 3953 =
443 3909 532 3965 Uolic.
556 3915 633 3971 1341,
652 3911 676 3963 i²
694 3938 728 3958 =
752 3913 840 3970 Uolic.
864 3919 930 3976 630,
951 3913 974 3966 ii
992 3939 1024 3962 ε
1049 3915 1138 3968 Uolic.
1165 3918 1263 3982 3791)·

129 3992 156 4043 ll
169 4009 220 4062 sqq.
235 3995 393 4061 Exemplum
410 4039 415 4050 r
432 4039 438 4050 .
452 3998 577 4052 Redditis
602 4001 638 4054 V:
656 4001 780 4071 Epistola
795 4004 852 4056 siue
868 4003 976 4056 libellus
990 4003 1055 4056 fidei
1068 4003 1176 4057 Iounnis
1193 4003 1262 4058 Con-

127 4083 355 4154 stsntinopolitsni
388 4089 507 4157 episcopi
535 4088 568 4141 dc
597 4106 693 4158 graeco
722 4092 751 4143 in
778 4092 894 4145 latinum
927 4095 1060 4146 translata
1093 4092 1195 4146 directa
1229 4094 1262 4147 sd

129 4177 239 4226 sanctum
262 4175 435 4228 Hormisdam
461 4195 558 4246 pspsm
583 4179 657 4232 urbis
682 4181 784 4233 Itomae
811 4182 838 4234 in
858 4198 912 4250 qua
931 4181 1143 4235 anathematizat
1162 4182 1262 4236 Nesla·

129 4259 189 4313 rium
200 4265 280 4332 etque
293 4263 467 4319 Eutichetem
481 4267 700 4338 reliquorumque
714 4269 912 4323 haereticorum
932 4271 1122 4340 blasphemias.
1138 4271 1262 4325 Redditis

129 4346 203 4418 Hisp.
256 4355 288 4408 16
306 4354 546 4409 reuerendissimos
569 4356 653 4410 Gone.
728 4359 869 4428 episcopos
889 4365 916 4412 et
934 4360 1052 4414 Felicem
1071 4359 1154 4428 Hisp.

177 4474 252 4515 xxxv
265 4489 318 4528 pm
333 4481 354 4520 s.
1160 4468 1194 4520 39
