3025 4975
211 443 275 508 686
514 439 660 510 Suggestio
679 439 804 492 Dioscuri
822 437 856 492 ed
874 437 1047 491 Hormisdem

211 643 298 702 extra
311 637 374 700 iste
388 633 476 699 aliud
488 632 684 716 praedicans,
701 633 822 698 nullam
836 633 922 697 circa
935 651 986 697 me
1000 635 1074 714 peto
1085 633 1359 698 misericordiam'.

213 742 350 827 Scythae
384 761 400 806 e
434 745 544 806 contra
575 741 807 804 inchoeuerunt
839 739 943 804 dicere
975 739 1120 804 ‘addatur
1148 743 1180 804 et
1207 758 1290 804 unus
1319 740 1358 804 de

210 849 353 915 trinitate
363 850 382 912 l'
409 868 468 912 nos
498 868 514 912 e
543 850 652 913 contra
680 846 818 911 diximus
846 846 941 930 ‘quod
969 866 1031 911 non
1060 849 1111 912 est
1141 846 1174 910 in
1207 849 1359 929 quattuor

212 955 355 1021 conciliis
385 954 549 1020 delinitum
578 973 635 1018 nec
662 953 694 1018 in
725 952 870 1035 epistolis
898 953 985 1018 beati
1012 971 1111 1036 papae
1139 954 1265 1031 Leonis,
1298 973 1358 1018 nos

167 1065 268 1128 5nec
307 1061 411 1127 dicere
448 1080 620 1145 possumus
657 1079 715 1124 nec
752 1059 889 1124 addere’.
927 1059 1094 1141 displicuit
1129 1058 1190 1123 hoc
1224 1058 1357 1123 dictum.
1387 1087 1400 1122 e

211 1168 322 1234 Uictor
347 1172 454 1233 tamen
483 1171 589 1233 utrum
619 1166 734 1232 sinceri
763 1166 866 1233 animo
894 1167 972 1231 haec
1005 1167 1126 1231 diceret
1157 1186 1197 1231 an
1230 1165 1354 1243 doloso,

211 1276 282 1359 quis
311 1294 405 1340 nosse
432 1277 549 1359 potest,
578 1273 641 1338 nisi
669 1273 724 1357 qui
752 1274 847 1339 corda
875 1273 1063 1358 cognoscit?
1090 1273 1190 1338 uerba
1212 1273 1275 1337 iste
1297 1291 1356 1338 nos

167 1383 413 1447 beudiuimus:
452 1381 502 1445 dei
541 1384 589 1446 cst
628 1381 769 1445 animum
810 1380 961 1445 iudicare.
1001 1381 1114 1463 postea
1155 1380 1223 1444 sine
1264 1379 1357 1444 nobis

211 1488 397 1574 magnificus
440 1489 490 1552 uir
529 1487 712 1552 Uitalianus
753 1486 908 1571 magister
947 1486 1089 1550 militum
1130 1486 1212 1551 inter
1252 1504 1287 1550 se
1325 1487 1359 1549 et

211 1596 397 1678 episcopum
426 1593 814 1677 Constantinopolitannm
842 1597 1041 1658 uocauerunt
1062 1594 1261 1676 praedictum
1283 1591 1398 1664 uic-10

210 1701 447 1778 torem310cuti
468 1705 543 1765 sunt
562 1720 634 1764 cum
655 1719 708 1766 eo:
729 1700 806 1782 qnid
826 1699 1111 1764 definiemntinter
1124 1719 1168 1778 se,
1183 1700 1356 1765 nescimus.

168 1811 324 1890 'lpostec
355 1827 412 1872 nec
446 1807 557 1872 Uictor
589 1806 629 1870 ad
661 1825 719 1870 nos
752 1807 841 1870 uenit
873 1825 931 1871 nec
964 1809 1015 1871 est
1046 1825 1143 1870 causa
1174 1807 1269 1872 dicta.
1300 1805 1358 1870 isti

210 1919 315 1980 tamen
342 1913 478 1999 Scythae
503 1915 584 1978 sciat
605 1913 772 1979 beatitudo
797 1916 906 1978 uestra
929 1916 1004 1996 quia
1026 1933 1135 1978 omnes
1163 1913 1356 1996 accipientes

211 2022 367 2105 synodum
403 2021 670 2087 calcedonensem
707 2020 916 2086 Nestoriunos
956 2021 1066 2086 dicunt
1104 2021 1247 2086 dicentes
1284 2021 1355 2084 ‘nou

211 2127 330 2194 sufficit
362 2128 501 2211 synodus
535 2131 644 2193 contra
676 2127 873 2192 Nestorium‘
905 2131 938 2192 et
969 2127 1016 2192 sic
1049 2127 1161 2192 debere
1198 2126 1356 2210 synodum
1374 2155 1399 2194 rs

211 2235 382 2318 suscipere,
407 2234 564 2317 quomodo
589 2235 651 2317 ipsi
676 2234 886 2318 exposuerint.
910 2234 965 2317 qui
988 2233 1132 2299 homines
1151 2233 1261 2314 quales
1281 2235 1357 2298 sunt

211 2345 267 2406 aut
290 2341 400 2424 quales
424 2341 618 2406 intentiones
641 2339 761 2406 habent
784 2344 816 2405 et
839 2341 916 2424 quid
934 2341 1050 2404 uolunt
1067 2340 1099 2404 in
1117 2339 1179 2404 fide
1199 2340 1356 2405 catholice

209 2449 420 2527 introducere,
460 2467 532 2513 cum
571 2447 620 2514 dei
658 2447 815 2514 adiutorio
852 2447 1090 2513 manifestatum
1127 2451 1177 2512 est
1208 2446 1355 2513 omnibus

211 2555 378 2620 catholicis
408 2575 465 2619 nec
493 2554 616 2639 indiget
640 2574 736 2620 cause
759 2574 831 2621 meo
855 2555 972 2633 labore,
997 2575 1090 2638 quam
1115 2556 1194 2620 deus
1217 2574 1273 2638 pro
1297 2574 1355 2619 sua

165 2667 184 2729 8
210 2661 426 2726 misericordia
453 2661 600 2743 produxit
628 2662 668 2726 ad
691 2661 807 2726 lucem.
833 2682 903 2747 ego,
929 2664 1014 2745 quod
1038 2681 1056 2726 a
1077 2664 1223 2746 patribus
1247 2662 1392 2739 dilicta

209 2768 293 2849 quod
330 2787 455 2851 semper
492 2768 627 2833 ecclesia
664 2769 821 2833 catholica
859 2770 1010 2847 seruauit,
1049 2788 1111 2833 non
1153 2770 1250 2846 tacui,
1292 2788 1353 2833 non

209 2874 368 2940 abscondi.
402 2894 485 2939 unus
519 2880 567 2940 est
600 2876 688 2954 deus,
723 2876 761 2940 de
795 2895 857 2958 quo
891 2877 1020 2960 Moyses
1052 2877 1198 2959 loquitur
1229 2876 1352 2941 dicens:

209 2979 321 3047 audi.
345 2980 493 3059 lsrael,
519 2980 705 3047 dominus
730 2982 825 3047 deus
849 2986 945 3048 tuus
970 2982 1066 3047 deus
1090 3002 1195 3047 unus
1220 2986 1300 3061 est,
1323 2987 1355 3046 et

208 3086 239 3150 in
275 3085 336 3149 alio
369 3086 441 3149 loco
475 3086 536 3151 eit:
570 3086 754 3153 dominus
788 3088 903 3152 solus
937 3088 1111 3153 ducebat
1144 3107 1221 3153 eos.
1260 3089 1354 3153 unius

209 3192 406 3257 substantiae
443 3192 601 3257 credimus
638 3193 824 3269 trinitatem,
868 3194 1026 3276 quomodo
1068 3194 1218 3279 praedixi,
1260 3214 1354 3260 unam
1373 3216 1397 3257 re

209 3298 369 3376 deitatem,
386 3302 450 3363 tres
465 3318 626 3381 personas,
644 3300 718 3382 quia
732 3319 790 3364 nec
809 3301 917 3383 plures
937 3300 1013 3365 dces
1034 3301 1171 3366 dicimus
1190 3302 1355 3367 credentes

207 3425 306 3470 unum
326 3406 419 3471 deum
439 3425 520 3483 esse,
540 3405 573 3470 id
593 3410 642 3471 est
660 3410 784 3489 petrem
804 3410 836 3470 et
855 3405 958 3473 filium
977 3410 1010 3471 et
1028 3408 1176 3491 spiritum
1196 3414 1354 3482 sanctum,

208 3530 265 3576 uec
284 3516 348 3577 tres
369 3532 520 3596 personas
539 3532 703 3596 negemus,
724 3533 763 3577 ne
784 3514 914 3579 Sabellil
934 3514 1051 3598 dogma
1068 3514 1235 3580 uideamur
1252 3516 1354 3597 sequi.

165 3627 184 3689 9
209 3637 320 3682 uerum
349 3622 397 3683 est
425 3638 591 3701 personam
621 3619 688 3697 lilii,
717 3619 750 3684 id
778 3624 829 3685 est
851 3620 1026 3696 nerbi'dei,
1051 3620 1355 3686 consubstantialem

209 3725 307 3806 patri:
340 3726 411 3807 ipsa
443 3744 515 3789 caro
548 3725 632 3790 facta
668 3728 727 3803 est,
759 3726 831 3809 ipse
861 3726 894 3791 in
921 3730 1012 3793 utero
1039 3726 1159 3791 Mariae
1186 3727 1354 3805 habitauit,
1372 3752 1397 3791 ec

300 4004 334 4057 23
353 4004 499 4057 Deuteron.
520 4006 544 4069 6,
563 4007 581 4058 4
635 4005 670 4059 24
688 4004 754 4058 ibid.
775 4006 819 4067 32,
838 4006 872 4059 12

247 4181 263 4232 2
282 4184 355 4248 scyte
378 4179 405 4233 V
469 4181 485 4233 6
504 4180 607 4233 sincero
627 4179 654 4232 0²
720 4182 734 4233 7
755 4183 903 4249 cognoscet
926 4181 956 4243 V,
976 4196 1045 4234 corr.
1066 4202 1080 4251 ρ
1148 4181 1178 4234 11
1201 4180 1353 4235 definierint

214 4268 277 4323 Gor.
348 4268 379 4321 12
399 4270 453 4321 iste
476 4268 507 4331 V,
527 4286 594 4323 corr.
615 4268 643 4321 0²
713 4271 748 4323 24
768 4268 884 4323 docebat
908 4270 937 4330 V,
958 4287 1027 4324 corr.
1051 4268 1131 4324 Tbiel
1225 4271 1261 4325 28
1279 4270 1352 4324 uide-

211 4374 286 4411 amus
310 4357 340 4422 V,
361 4373 429 4411 eorr.
450 4358 507 4411 cod.
527 4358 648 4427 „lupulto
