3025 4975
514 448 600 517 Epist.
620 445 704 501 ccvl
723 448 740 501 5
760 474 792 485 -·
813 444 925 501 CCVIII
943 448 968 501 8.
1246 450 1309 514 667

163 644 244 709 bona
272 642 381 709 studia
408 643 597 725 profuerunt
623 662 735 707 uerum
766 642 861 706 etiam
891 642 1025 707 collatae
1054 642 1116 707 sibi
1141 662 1158 707 a
1182 642 1309 709 domino

164 750 305 815 obtinere
334 752 497 832 nequeunt
523 748 630 814 officia
657 748 821 833 dignitatis
851 752 883 813 et
911 752 1048 814 extorres
1078 768 1096 813 a
1128 751 1309 815 commissis

163 856 222 921 sibi
238 856 393 941 gregibus
409 855 515 920 subire
531 858 690 941 coguntur
702 856 848 921 miserias
869 854 1099 920 damnatorum.
1120 860 1311 939 quapropter
1334 854 1352 913 5

162 983 358 1047 quaesumus
383 966 416 1027 et
438 982 494 1045 per
518 962 659 1027 diuinam
682 979 742 1025 uos
767 961 1016 1027 misericordiam
1041 962 1250 1030 obtestamur.
1274 966 1311 1027 ut

131 1092 144 1130 ⁵
162 1090 269 1136 eorum
287 1088 412 1147 causae,
430 1089 509 1152 quae
523 1070 611 1135 iusta
624 1071 684 1146 est,
700 1088 861 1133 summum
881 1068 1091 1149 patrocinium
1111 1072 1142 1131 et
1160 1070 1309 1151 probatae

159 1176 346 1241 uiuacitatis
378 1176 570 1259 impendatis
603 1175 754 1241 aflectum
787 1175 925 1257 piissimi
962 1176 1114 1257 principis
1151 1176 1308 1241 haerendo

159 1285 321 1367 uestigiis,
341 1289 499 1367 quatenus
519 1302 573 1349 eos
593 1284 721 1347 tandem
741 1282 809 1347 suis
829 1284 974 1347 ecclesiis
994 1286 1023 1347 ei
1043 1283 1172 1366 pietatis
1191 1284 1308 1348 intuitu

160 1395 191 1456 et
203 1390 351 1456 iustitiae
367 1390 632 1474 contemplatione
646 1390 807 1464 restituat,
824 1390 899 1471 quia
916 1390 947 1454 in
968 1390 1096 1454 illorum
1117 1391 1309 1455 contumelia

158 1499 197 1562 ab
211 1498 353 1562 inimicis
370 1498 522 1561 asseritur
541 1500 686 1579 optatum
705 1500 833 1561 nostrae
853 1497 1085 1561 communionis
1106 1495 1308 1579 displicuisse

119 1628 142 1664 10
160 1606 367 1671 consortium.

679 1797 787 1881 (sos.)

199 1940 362 1985 Exnll’uuu
389 1940 573 1985 municionis
597 1939 754 1985 cononum
781 1940 925 1985 EPISCOPI
949 1938 1259 1983 THESSALONICENSIS.

200 2064 406 2110 sunonissmo
438 2064 480 2109 nc
513 2064 696 2109 animasum
729 2065 824 2108 annm
847 2065 886 2107 an
921 2062 1200 2109 conninnsnnnnom
1233 2062 1305 2106 uon·

154 2172 270 2218 menna
303 2172 483 2217 nononnsos
516 2170 551 2215 nc
582 2171 697 2215 nounuo
732 2171 880 2219 senonen.
949 2151 1108 2233 Propositi
1141 2150 1241 2213 nostn'
1274 2153 1307 2213 et

116 2283 138 2321 1³
155 2260 307 2325 orationis
332 2262 383 2323 est
406 2278 568 2323 summum
593 2258 747 2335 studium,
779 2278 834 2341 por
857 2258 961 2323 omnia
985 2257 1169 2322 beatissima
1198 2258 1230 2319 et
1257 2258 1306 2320 ten

154 2368 245 2431 beate
279 2369 445 2449 potensi
478 2364 614 2430 scribere
645 2366 827 2448 frequenter
858 2365 898 2430 ad
929 2384 987 2429 uos
1022 2362 1239 2428 sanctissimos
1274 2365 1305 2426 et

153 2476 268 2539 mutua
299 2472 412 2538 mereri
446 2472 604 2555 colloquia
636 2477 668 2538 et
704 2473 791 2538 nullo
829 2474 972 2555 tempore
1011 2475 1148 2538 excitem
1181 2491 1232 2536 me
1265 2470 1303 2535 ab

153 2579 338 2644 huiusmodi
371 2579 497 2643 laetitia
528 2599 599 2644 esse
632 2578 793 2644 coudecet.
838 2579 984 2660 quoniam
1009 2579 1108 2662 igitur
1136 2578 1347 2643 manifeste2

152 2688 292 2771 cognoni
325 2686 479 2768 quosdam
511 2690 638 2751 sanctas
671 2705 762 2749 aures
796 2689 920 2750 uestras
954 2685 1138 2766 perturbare
1172 2687 1204 2748 et
1237 2685 1303 2748 scio

109 2815 134 2852 so
151 2794 265 2875 procul
299 2793 406 2871 dubio,
440 2812 500 2858 uos
523 2793 554 2856 in
579 2793 727 2857 omnibus
760 2811 829 2856 esso
862 2791 1018 2874 perfectos
1054 2795 1084 2856 et
1117 2791 1191 2873 quia
1223 2791 1303 2855 nibil

151 2901 219 2964 sine
242 2899 363 2964 iudicio
388 2899 495 2964 audire
518 2899 650 2981 possitis
674 2919 730 2963 nec
754 2899 814 2963 ulli
837 2899 964 2982 penitus
989 2900 1133 2962 uestrum
1163 2897 1303 2962 animum

151 3006 404 3082 accommodare,
430 3008 462 3069 ei
485 3009 521 3070 ui
552 3025 613 3070 non
647 3006 784 3088 amplius
817 3025 874 3088 per
909 3005 1161 3068 taciturnitatem
1193 3005 1300 3088 largiri

148 3115 280 3196 tempus
303 3113 413 3177 uidear
439 3112 516 3190 illis,
540 3113 595 3196 qui
623 3112 702 3178 nibil
727 3111 855 3194 quidem
880 3131 897 3174 a
920 3111 1010 3175 nobis
1039 3111 1117 3175 laesi
1142 3115 1217 3176 siunt
1245 3112 1300 3176 sed

150 3220 217 3284 sine
243 3239 341 3284 causa
365 3221 397 3283 et
421 3219 578 3302 superflue
602 3219 756 3283 aduersus
781 3237 838 3283 nos
863 3218 976 3282 armati
1001 3221 1092 3282 sunt:
1117 3218 1174 3284 deo
1195 3224 1300 3283 tamen
1325 3223 1344 3284 3

107 3347 132 3386 ss
149 3329 182 3390 et
204 3328 333 3389 uestrae
357 3326 519 3391 satisfacio
545 3326 717 3399 sanctitati,
743 3325 817 3408 quia
836 3345 891 3408 pro
912 3325 1050 3390 Iohanne
1069 3325 1138 3390 uiro
1158 3345 1299 3390 renonen-

147 3433 277 3497 tissimo
306 3430 466 3514 episcopo,
496 3433 550 3514 qui
577 3432 673 3514 paulo
698 3436 771 3496 ante
800 3452 818 3496 a
845 3435 953 3496 uestra
981 3431 1152 3495 uenerabili
1186 3451 1300 3496 corona

148 3539 291 3603 directus
319 3542 379 3615 est,
412 3537 647 3621 praedestinaui
674 3557 725 3602 me
753 3538 903 3620 periculis
933 3542 965 3604 et
992 3540 1125 3602 mortem
1160 3537 1299 3601 sustinui

148 3649 181 3709 et
203 3664 309 3710 meam
332 3663 389 3726 pro
414 3645 483 3708 eius
504 3645 569 3710 scio
588 3664 640 3708 me
660 3644 816 3710 obiecisse
836 3645 970 3710 animam
992 3649 1024 3709 et
1042 3644 1101 3707 hoo
1121 3643 1300 3708 ostenditur

147 3751 250 3834 gestis
271 3753 358 3814 etex
378 3749 438 3827 bis,
464 3749 518 3832 qni
542 3769 733 3833 quamquam
752 3769 809 3832 pei·
828 3769 929 3814 meum
950 3750 1124 3814 alisontiam
1149 3749 1298 3814 acerrime

182 3979 199 4032 8
219 3977 410 4030 contumeliam
430 3976 493 4030 edit.
511 3993 563 4046 req.

181 4065 254 4122 208.
326 4066 395 4118 Det.
422 4083 447 4118 a.
471 4069 531 4118 520
553 4067 730 4134 menseAup.
750 4065 918 4118 elucidetur.
992 4065 1066 4118 Edu.
1089 4065 1152 4118 Cur.
1173 4065 1204 4117 1²
1225 4069 1294 4132 54&

144 4155 219 4211 Bar.
236 4153 276 4208 ad
289 4172 314 4208 a.
332 4157 398 4216 520.
416 4157 462 4213 61,·
481 4153 590 4209 Colleot.
608 4155 726 4219 Concil.‚·
742 4155 821 4208 I'biel
838 4157 905 4210 940.
949 4155 981 4208 12
994 4171 1254 4208 nnassnuomcensas
1273 4155 1299 4208 V

147 4271 179 4324 18
208 4269 318 4340 laeticie
350 4269 383 4330 V,
411 4286 480 4324 corr.
510 4269 568 4324 cod.
596 4271 718 4340 Ancalic.
810 4271 843 4322 22
873 4237 1031 4324 aconimdare
1060 4269 1084 4322 V
1156 4275 1184 4324 et
1207 4287 1257 4324 om.
1278 4289 1296 4321 α

144 4359 367 4412 senescentium
390 4358 416 4410 V
