3025 4975
514 461 602 530 Epist.
622 457 886 514 ccxx11115-11.
1212 457 1275 522 687

19 687 20 772 p
143 661 203 742 ipsa
225 661 370 724 naturam
393 659 563 722 humanam
588 657 733 737 suscepit
756 655 824 719 siue
848 657 991 737 peccato,
1015 653 1099 718 unde
1122 651 1207 716 filius
1227 651 1277 714 dei

144 765 228 832 homo
256 766 361 830 factus
390 769 483 828 natus
514 766 563 828 est
591 763 629 827 de
658 763 782 846 uirgine
810 761 922 828 Maria.
950 759 1185 844 propterquod
1209 778 1278 823 eam
1311 752 1331 816 9

144 873 185 936 dei
212 872 400 957 genitricem
428 871 565 936 dicimus
594 874 626 934 et
655 870 824 947 credimus,
854 869 929 952 quia
961 869 1067 934 unitas
1099 866 1278 932 diuinitatis

144 983 170 1043 et
193 979 411 1056 humanitatis,
440 996 521 1060 quae
549 977 616 1041 lieri
645 980 760 1058 coepta
788 980 837 1041 est
860 995 896 1040 ex
919 994 980 1058 quo
1004 974 1124 1039 Mariae
1147 973 1279 1058 angelus

118 1083 285 1150 sGabrihel
314 1085 515 1150 annuutiauit
549 1082 673 1148 dicens:
708 1102 780 1147 auc
812 1081 941 1146 Maria
974 1081 1110 1166 gratia
1140 1081 1277 1163 plena,

144 1193 313 1273 spiritus
347 1194 517 1256 sanctus
552 1189 820 1272 superueniet
852 1189 890 1252 in
924 1192 960 1252 te
992 1188 1047 1251 uel
1074 1190 1188 1266 cetera,
1218 1206 1279 1253 nou

142 1300 257 1361 tantum
289 1297 321 1361 in
355 1301 445 1363 utero
479 1315 541 1360 non
575 1301 625 1360 cst
658 1295 763 1360 diuisa
796 1295 853 1360 sed
885 1313 944 1358 nec
975 1294 1007 1356 in
1040 1296 1134 1377 partu
1161 1311 1218 1358 nec
1247 1293 1279 1357 in

143 1404 336 1468 nutrimentis
361 1422 417 1468 nec
436 1403 466 1467 in
485 1403 634 1486 passione
653 1421 710 1466 nec
729 1402 762 1466 in
782 1401 951 1484 sepulchro
971 1419 1029 1464 nec
1048 1400 1080 1464 in
1098 1399 1280 1465 resurrecti-

145 1529 193 1573 one
217 1530 272 1574 nec
291 1511 323 1573 in
344 1509 429 1574 caelo
450 1513 594 1592 separata
613 1511 672 1586 est,
694 1509 768 1591 quia
787 1528 868 1572 unus
889 1512 939 1573 est
956 1507 1042 1572 filius
1062 1507 1113 1571 dei
1133 1507 1280 1572 dominus

108 1645 129 1684 a
144 1621 243 1681 noster
265 1617 356 1681 Iesus
382 1616 540 1692 Christus,
564 1637 624 1682 non
648 1616 680 1680 in
704 1617 848 1698 personis
872 1615 1006 1692 diuisus,
1026 1634 1087 1679 uon
1105 1615 1138 1679 in
1157 1616 1280 1680 naturis

145 1727 298 1806 separatus
327 1742 429 1805 neque
457 1723 488 1786 in
516 1723 660 1807 potentia
688 1723 847 1790 diuersus.
880 1722 965 1787 idem
998 1725 1048 1787 est
1079 1741 1217 1805 namque
1250 1725 1335 1788 etlo

144 1830 293 1893 sustinens
336 1829 529 1911 passionem,
573 1829 647 1912 quia
685 1848 794 1894 omnes
841 1829 987 1895 haereses
1034 1833 1089 1894 aut
1134 1828 1280 1893 diuidens

144 1935 292 2015 quomodo
315 1935 485 2000 Nestorius
510 1939 566 1999 aut
589 1955 708 2020 negans
734 1937 891 2018 quomodo
911 1936 1073 2020 Eutyches
1093 1940 1149 2000 aut
1171 1935 1277 2000 minus

144 2039 381 2106 incarnationem
417 2041 546 2106 credens
579 2041 737 2124 quomodo
770 2042 987 2124 Apollinarius
1020 2046 1076 2107 aut
1111 2042 1280 2107 fantasiam

109 2179 130 2218 a
145 2146 339 2212 introducens
373 2148 531 2230 quomodo
564 2148 675 2212 Manes
708 2167 726 2212 a
758 2148 820 2213 fide
854 2149 1012 2214 catholica
1044 2152 1120 2214 sunt
1141 2150 1279 2214 incisae:

145 2251 278 2318 homines
307 2255 443 2338 operarii
470 2255 650 2337 iniquitatis
678 2257 710 2319 et
732 2256 843 2320 hostes
867 2255 1026 2321 doctrinae
1051 2257 1280 2339 apostolorum,

145 2358 203 2422 ista
232 2359 338 2438 didici,
367 2361 430 2425 ista
458 2361 568 2425 audiui
598 2381 615 2425 a
642 2361 817 2426 maioribus
841 2363 957 2426 nostris
982 2365 1024 2440 et,
1048 2364 1077 2427 si
1098 2364 1179 2428 forto
1203 2363 1283 2428 citra

145 2465 201 2531 ista
223 2467 296 2550 quid
320 2467 493 2533 debeamus
514 2469 605 2551 sequi
624 2469 745 2553 ignoro,
767 2471 939 2553 exponente
958 2469 1156 2535 beatitudine
1175 2473 1283 2536 uestra

147 2590 266 2639 necesse
299 2578 349 2639 est
381 2594 431 2639 me
466 2576 567 2658 sequi.
602 2576 781 2640 Maxentius
814 2578 921 2641 tamen
955 2577 1039 2658 quod
1067 2576 1127 2641 sub
1156 2576 1332 2642 abbatisll

109 2712 132 2751 rr
150 2680 294 2745 uocabulo
325 2680 404 2745 dixit
427 2700 460 2745 ss
485 2682 765 2765 congregationem
788 2682 913 2759 habere,
939 2683 967 2747 si
990 2683 1204 2767 interrogetur
1227 2687 1283 2747 aut

150 2804 215 2849 cum
240 2788 355 2868 quibus
384 2788 548 2852 monachis
578 2788 658 2852 uinit
686 2790 743 2853 aut
770 2788 801 2852 in
831 2807 894 2871 quo
922 2789 1114 2854 monasterio
1143 2793 1199 2853 aut
1221 2791 1280 2854 sub

152 2910 205 2971 quo
229 2894 339 2958 abbate
363 2894 537 2959 monachus
561 2893 667 2958 factus
692 2896 750 2971 est,
776 2894 879 2958 dicere
903 2914 963 2958 non
988 2898 1105 2977 potest.
1135 2897 1283 2961 similiter

151 3000 180 3060 et
205 2998 230 3062 si
257 3000 294 3065 de
317 2999 442 3065 Achille
468 3000 570 3064 dicere
594 2999 736 3075 noluero,
762 3020 828 3064 rem
852 3000 934 3064 facio
959 3020 1206 3083 supemacuam3
1232 3004 1282 3068 cui

149 3103 203 3168 hoc
232 3106 365 3171 suflicit:
401 3126 525 3188 semper
556 3108 654 3171 latere
686 3110 815 3189 propter
848 3108 1076 3172 conscientiam
1115 3128 1205 3173 suam
1243 3110 1281 3174 ab

111 3247 135 3285 25
153 3211 286 3278 omnibus
316 3213 483 3277 catholicis
512 3213 703 3277 damnatam.
772 3214 855 3278 Data
882 3214 928 3280 Id.
959 3213 1085 3279 Octobr.
1111 3216 1281 3281 Eutharico

153 3334 226 3383 cons.
248 3321 389 3401 Accepta
412 3318 481 3385 XV.
504 3318 577 3383 Kal.
602 3320 768 3383 Decembr.
795 3338 879 3385 cons.
905 3340 948 3387 ss.

228 3549 243 3599 ὃ
262 3544 325 3599 Luc.
348 3546 370 3609 1,
391 3546 425 3599 28
498 3548 513 3599 6
532 3546 596 3599 Luc.
618 3548 641 3609 1,
661 3546 695 3599 35

185 3765 246 3819 luh
266 3768 310 3829 (=
331 3764 412 3833 unde)
436 3764 474 3820 V.-
491 3781 561 3820 unus
581 3784 606 3830 α,
627 3767 683 3835 ipse
704 3768 767 3821 Car,
841 3722 980 3837 sgabrssl
1006 3770 1028 3819 V
1117 3768 1150 3821 12
1168 3769 1218 3822 hes
1238 3777 1283 3832 l=

153 3847 256 3921 hereses)
279 3854 315 3907 V:
334 3852 485 3908 hominess
538 3855 570 3908 13
591 3856 712 3909 eutiches
736 3856 761 3908 V
811 3858 844 3910 14
863 3858 1055 3927 Apollinariso
1110 3856 1229 3912 fantasia
1252 3858 1283 3921 V,

153 3953 211 3993 corr.
228 3942 289 3996 Car.
329 3940 736 3997 lbafideo²:afidesafideV
791 3945 1009 3999 Tbieliuototum
1024 3946 1113 4000 locrcm
1128 3947 1159 3999 11
1175 3962 1231 4015 sqq.
1245 3948 1286 4001 sic

150 4033 222 4093 putat
238 4030 475 4101 interpolantium:
494 4030 565 4085 idem
585 4035 755 4102 astutamque
776 4037 819 4092 <et
838 4051 930 4087 creans
943 4034 1089 4095 mundum>
1108 4038 1136 4088 et
1149 4037 1285 4089 sustinens

154 4118 299 4181 passionem.
319 4120 382 4173 ideo
415 4136 507 4173 omnes
537 4120 671 4174 hominem
699 4126 746 4177 aut
772 4122 924 4176 diuidentes
940 4166 946 4177 .
962 4166 967 4176 .
983 4127 1135 4193 negantes.
1152 4166 1158 4177 .
1175 4125 1284 4179 creden·

154 4204 207 4260 tes.
221 4250 226 4262 .
240 4208 440 4263 introducentes
456 4248 462 4261 .
479 4250 484 4261 .
500 4212 564 4262 sunt
583 4210 671 4273 excisi,
691 4228 784 4265 omnes
807 4212 923 4280 operarii
946 4218 993 4266 etc.
1086 4214 1119 4266 17
1137 4212 1284 4267 moioribus

154 4295 234 4348 msV
300 4299 375 4379 citra·
391 4297 426 4351 V:
447 4301 521 4352 extra
540 4316 557 4349 α
622 4299 654 4352 18
675 4300 746 4369 quod
771 4299 801 4363 V,
821 4317 923 4354 corre
991 4301 1022 4354 19
1042 4300 1113 4370 quod
1137 4302 1174 4354 V:
1193 4302 1239 4370 qui
1258 4299 1286 4350 0²

156 4380 185 4433 24
200 4382 247 4438 hoc
270 4386 308 4441 V:
323 4386 375 4441 hoe
395 4407 420 4451 α,
438 4386 512 4440 unde
530 4386 633 4440 homini
652 4385 679 4438 0²
733 4391 768 4443 25
787 4388 848 4441 idus
868 4390 938 4442 octb.
963 4389 990 4443 V

201 4507 275 4550 XXXV
289 4522 340 4560 pm
354 4513 375 4550 1.
1180 4497 1217 4549 44
