3025 4975
222 452 286 515 798
708 447 879 516 Appendices

221 664 316 726 quam
341 644 481 727 synodus
504 643 641 708 Nicena:
662 644 866 708 Timotheum
886 664 960 710 uero
976 663 1038 709 non
1057 646 1164 709 solum
1183 646 1372 727 episcopum

221 771 284 815 non
310 750 418 814 haberi
442 750 498 815 sed
523 750 619 814 etiam
644 749 826 816 Christiana
848 751 1061 832 appellatione
1084 752 1213 833 priuari.
1237 751 1274 816 fit
1296 770 1372 836 ergo

222 857 308 940 apud
344 857 567 922 Alexandriam
605 856 684 922 alter
722 857 911 922 Timotheus
950 858 1145 935 catholicus3
1184 859 1374 924 Timotheus

221 945 384 1028 hereticus
422 965 563 1028 mittitur
599 964 630 1028 in
669 964 797 1028 erilium
832 963 1013 1041 cersonam,
1047 966 1101 1046 qui
1133 967 1226 1031 locus
1258 969 1307 1030 est
1339 967 1374 1030 in

171 1071 341 1150 13Ponto;
375 1071 490 1134 Petrus
523 1071 618 1155 fugit.
651 1071 751 1154 igitur
785 1071 938 1154 quamdiu
970 1072 1051 1136 uixit
1086 1072 1151 1138 Leo
1189 1073 1372 1156 imperator,
1406 1092 1420 1131 a

223 1177 304 1240 uixit
327 1178 421 1241 etiam
447 1178 635 1241 Timotheus
659 1178 829 1260 episcopus
852 1177 1040 1243 Alexandrie
1063 1198 1137 1243 cum
1161 1180 1279 1261 quiete.
1299 1198 1376 1244 cunr

224 1288 331 1348 autem
354 1284 514 1348 Basilicus
540 1287 728 1365 occupasset
751 1285 931 1368 imperium,
952 1285 1099 1350 damnare
1118 1287 1204 1368 cepit
1223 1284 1374 1352 Calcedo-

224 1409 355 1455 nensem
379 1390 535 1474 synodum
561 1394 594 1454 ot
616 1391 793 1456 catholicos
818 1391 974 1474 persequi.
1000 1395 1078 1456 tunc
1099 1393 1288 1458 Timotheus
1317 1394 1375 1457 ille

226 1496 415 1579 dampnatus
439 1495 528 1559 uenit
552 1495 870 1579 Constantinopolym
893 1501 925 1562 et
944 1498 1109 1564 damnatos
1128 1497 1284 1564 hereticos
1304 1500 1374 1564 suis

168 1683 174 1694 Ι
225 1602 362 1668 reddidit
399 1603 479 1668 locis
518 1604 551 1665 et
587 1623 659 1668 mox
691 1604 782 1667 uenit
813 1604 1043 1672 Alexandriam.
1076 1607 1152 1668 tunc
1184 1604 1374 1670 Timotheus
1395 1628 1422 1666 ro

226 1710 402 1775 catholicus
435 1709 521 1792 fugit
553 1712 585 1772 et
618 1710 811 1774 monasterio
843 1709 931 1773 latet.
963 1710 1079 1775 Petrus
1110 1710 1165 1774 ille
1193 1711 1310 1775 iterum
1339 1731 1375 1777 se

173 1816 328 1887 lliunnit
350 1814 528 1893 Timotheo,
553 1833 625 1880 curn
650 1834 711 1898 quo
735 1816 841 1882 fuerat
864 1815 1043 1880 damnatus.
1066 1817 1237 1898 imperator
1263 1818 1374 1901 itaque

227 1923 310 1987 Zeno
334 1922 416 1986 redit
440 1922 478 1986 ad
497 1941 641 2004 regnum,
663 1923 820 1987 Basilicus
840 1923 1039 2005 opprimitur.
1058 1927 1137 2005 aput
1153 1925 1374 1990 Alexandriam

228 2047 353 2112 quoque
372 2029 465 2110 pulso
485 2029 632 2094 inuasere
651 2029 819 2094 Timotheo
839 2029 1025 2094 Timotheus
1040 2031 1217 2096 catholicus
1231 2031 1377 2097 redditur

228 2136 372 2200 ecclesie.
406 2135 462 2200 sed
494 2135 557 2200 isto
587 2135 754 2200 Timotheo
783 2136 923 2201 heretico
951 2140 1055 2200 morte
1080 2137 1229 2203 damnato
1258 2139 1374 2203 Petrus
1395 2161 1421 2200 ra

227 2263 358 2310 consors
371 2244 474 2326 ipsius
489 2244 527 2307 ab
544 2244 691 2308 hereticis
707 2245 877 2326 episcopus
894 2244 1123 2308 Alexandrinus
1139 2250 1189 2309 est
1199 2245 1375 2311 ordinatus.

229 2369 322 2432 quem
351 2349 430 2414 nihil
454 2351 579 2414 omnius
604 2349 687 2415 deici
709 2351 807 2414 iussit
831 2351 1124 2417 christianissimus
1148 2351 1321 2433 imperator
1345 2357 1378 2418 et

179 2456 351 2529 15reducit
386 2455 589 2523 Timotheum
628 2457 831 2524 catholicum.
870 2458 990 2523 interea
1031 2477 1105 2523 cum
1145 2459 1276 2541 plurimi
1320 2481 1377 2525 seu

230 2563 336 2627 clerici
365 2582 422 2627 seu
450 2564 595 2628 monachi
625 2583 681 2629 sen
710 2567 870 2629 seculares
899 2565 1017 2629 diuites
1050 2566 1089 2629 ad
1122 2569 1377 2632 communionem

230 2667 378 2731 catholici
406 2668 547 2749 episcopi
580 2669 701 2733 nollent
732 2671 859 2753 penitus
893 2671 1071 2748 conuenire,
1105 2672 1377 2739 clementissimus
1395 2696 1422 2738 ao

229 2774 400 2855 imperator
424 2774 559 2839 diuersis
584 2776 677 2839 minis
701 2778 816 2839 terruit
839 2778 1015 2841 uniuersos.
1035 2778 1171 2859 denique
1189 2779 1377 2845 Timotheus

231 2880 400 2962 episcopus
425 2882 537 2945 scribit
555 2882 594 2944 ad
613 2901 728 2964 papam
748 2882 948 2964 Simplicium
968 2888 1006 2949 ut
1024 2884 1177 2949 scriberet
1194 2885 1378 2969 imperatori

180 2984 271 3063 16de
299 2986 403 3063 Petro,
434 2987 488 3068 qui
515 2988 636 3053 latebat
662 2989 695 3053 in
723 2989 912 3054 Alexandria
940 2998 972 3055 et
998 2991 1208 3056 insidiabatur
1231 2991 1376 3066 ecclesie,

232 3096 388 3173 quatenus
403 3094 443 3157 ad
463 3096 671 3178 longinquum
692 3096 910 3177 deportaretur
929 3097 1068 3164 erilium.
1087 3098 1187 3179 igitur
1205 3118 1262 3182 per
1278 3100 1377 3163 ferme

231 3199 400 3264 triennium
420 3205 528 3265 sancte
547 3202 699 3266 memorie
718 3221 800 3285 papa
819 3202 1003 3285 Simplicius
1023 3224 1083 3268 non
1100 3205 1226 3269 destitit
1240 3206 1377 3270 scribere
1394 3233 1420 3272 aa

231 3306 270 3370 ad
298 3307 449 3371 Acacium
479 3308 674 3392 episcopum,
703 3312 739 3373 ut
768 3313 876 3393 ageret
899 3330 971 3374 cum
995 3311 1195 3393 imperatore,
1220 3315 1378 3394 quatenus

231 3412 320 3477 fieret
353 3414 390 3477 de
423 3414 528 3491 Petro,
562 3414 646 3495 quod
679 3415 867 3481 Timotheus
901 3417 1070 3498 episcopus
1099 3418 1294 3499 postulabat,
1323 3420 1378 3485 sed

180 3520 311 3589 llnihil
336 3520 461 3586 omnino
484 3522 635 3602 prolicere
659 3522 776 3603 potuit.
802 3522 950 3587 defuncto
974 3544 1110 3608 namque
1127 3524 1190 3589 isto
1210 3524 1377 3591 Timotheo

232 3628 380 3709 episcopo
418 3628 551 3691 loannes
590 3646 762 3693 economus
801 3628 900 3694 officii
937 3631 1134 3709 candidatus,
1175 3634 1228 3713 qui
1267 3634 1378 3697 multis

232 3732 382 3797 laudibus
406 3733 656 3815 praedicabatur,
682 3736 860 3799 catholicus
885 3736 1054 3818 episcopus
1077 3756 1114 3801 ac
1138 3738 1307 3803 catholicis
1330 3743 1379 3804 est
1395 3767 1420 3805 ao

234 3838 405 3905 ordinatus.
440 3840 494 3921 qui
526 3860 598 3905 cum
625 3832 670 3904 ¹ad
704 3842 911 3924 apostolicam
945 3842 1053 3908 sedem
1081 3844 1234 3926 synodica
1261 3846 1378 3929 scripta

232 3945 402 4023 mississet,
432 3948 673 4028 superueniente
702 3949 838 4030 quodam
866 3935 982 4013 Uranio
1012 3950 1050 4014 ab
1078 3952 1195 4016 Acaoio
1220 3952 1377 4017 destinato

234 4056 267 4115 et
294 4057 401 4117 contra
428 4054 600 4118 Iohannem
629 4056 693 4119 iarn
722 4056 907 4138 episcopum
935 4057 1069 4139 quedam
1097 4058 1179 4123 falsa
1207 4058 1377 4133 deferente,

233 4159 288 4242 qui
317 4160 412 4225 etiam
442 4160 479 4223 de
507 4162 700 4227 restituendo
729 4162 824 4227 Petro
853 4165 1046 4229 mentionem
1068 4164 1216 4244 faciebat,
1240 4172 1318 4231 tnnc
1340 4166 1376 4231 ab

272 4354 284 4405 l
306 4338 492 4423 hepiscopum]
512 4370 525 4407 e
545 4370 578 4409 erc
596 4372 612 4408 a
630 4372 700 4411 corr.
776 4358 809 4410 14
827 4356 975 4411 timotheus
994 4374 1064 4413 corr.
1083 4374 1116 4411 a
1133 4359 1269 4413 timotheo
