<?xml version="1.0" encoding="UTF-8"?>
<!DOCTYPE html PUBLIC "-//W3C//DTD XHTML 1.0 Transitional//EN"
    "http://www.w3.org/TR/xhtml1/DTD/xhtml1-transitional.dtd">
<html xmlns="http://www.w3.org/1999/xhtml" xml:lang="en" lang="en">
 <head>
  <title>
</title>
<meta http-equiv="Content-Type" content="text/html;charset=utf-8" />
  <meta name='ocr-system' content='tesseract 3.04.00' />
  <meta name='ocr-capabilities' content='ocr_page ocr_carea ocr_par ocr_line ocrx_word'/>
</head>
<body>
  <div class='ocr_page' id='page_1' title='image "./corpusscriptoru02wiengoog_0137.png"; bbox 0 0 3025 4975; ppageno 0'>
   <div class='ocr_carea' id='block_1_1' title="bbox 467 456 933 528">
    <p class='ocr_par' dir='ltr' id='par_1_1' title="bbox 467 456 933 528">
     <span class='ocr_line' id='line_1_1' title="bbox 467 456 933 528; baseline 0.004 -17"><span class='ocrx_word' id='word_1_1' title='bbox 467 456 556 528; x_wconf 75' lang='lat' dir='ltr'>spat.</span> <span class='ocrx_word' id='word_1_2' title='bbox 576 458 671 513; x_wconf 81' lang='lat' dir='ltr'>ccxv</span> <span class='ocrx_word' id='word_1_3' title='bbox 691 460 703 513; x_wconf 90' lang='lat'><em>1</em></span> <span class='ocrx_word' id='word_1_4' title='bbox 725 490 759 498; x_wconf 91' lang='grc'>-</span> <span class='ocrx_word' id='word_1_5' title='bbox 779 458 889 513; x_wconf 80' lang='lat' dir='ltr'>ccxvr</span> <span class='ocrx_word' id='word_1_6' title='bbox 908 460 933 514; x_wconf 89' lang='lat' dir='ltr'>a.</span> 
     </span>
    </p>
   </div>
   <div class='ocr_carea' id='block_1_2' title="bbox 198 651 1206 848">
    <p class='ocr_par' dir='ltr' id='par_1_2' title="bbox 198 651 1206 848">
     <span class='ocr_line' id='line_1_2' title="bbox 655 651 764 736; baseline -0.009 0"><span class='ocrx_word' id='word_1_7' title='bbox 655 651 764 736; x_wconf 65' lang='grc'><strong>(1661</strong></span> 
     </span>
     <span class='ocr_line' id='line_1_3' title="bbox 198 786 1206 848; baseline 0.004 -11"><span class='ocrx_word' id='word_1_8' title='bbox 198 795 354 839; x_wconf 69' lang='lat' dir='ltr'>exemit!</span> <span class='ocrx_word' id='word_1_9' title='bbox 378 786 593 848; x_wconf 71' lang='lat' dir='ltr'>(erlandus)</span> <span class='ocrx_word' id='word_1_10' title='bbox 617 796 806 841; x_wconf 73' lang='lat' dir='ltr'>euronotum</span> <span class='ocrx_word' id='word_1_11' title='bbox 829 794 974 841; x_wconf 73' lang='lat' dir='ltr'>bertacurt</span> <span class='ocrx_word' id='word_1_12' title='bbox 996 796 1206 841; x_wconf 77' lang='lat' dir='ltr'>LIGNIDENSIS.</span> 
     </span>
    </p>
   </div>
   <div class='ocr_carea' id='block_1_3' title="bbox 100 919 1315 3330">
    <p class='ocr_par' dir='ltr' id='par_1_3' title="bbox 100 919 1315 3330">
     <span class='ocr_line' id='line_1_4' title="bbox 177 919 1273 967; baseline 0.004 -4"><span class='ocrx_word' id='word_1_13' title='bbox 177 919 288 964; x_wconf 78' lang='lat' dir='ltr'>ooxxso</span> <span class='ocrx_word' id='word_1_14' title='bbox 311 920 435 965; x_wconf 64' lang='lat' dir='ltr'>succro</span> <span class='ocrx_word' id='word_1_15' title='bbox 458 920 561 964; x_wconf 84' lang='lat' dir='ltr'>nsnno</span> <span class='ocrx_word' id='word_1_16' title='bbox 586 920 811 965; x_wconf 79' lang='lat' dir='ltr'>nmnnronnrnr</span> <span class='ocrx_word' id='word_1_17' title='bbox 831 920 870 964; x_wconf 84' lang='lat' dir='ltr'>nr</span> <span class='ocrx_word' id='word_1_18' title='bbox 889 920 1061 965; x_wconf 79' lang='lat' dir='ltr'>nnonxuno</span> <span class='ocrx_word' id='word_1_19' title='bbox 1081 920 1273 967; x_wconf 80' lang='lat' dir='ltr'>xnosrourco</span> 
     </span>
     <span class='ocr_line' id='line_1_5' title="bbox 139 1024 1274 1073; baseline 0.003 -5"><span class='ocrx_word' id='word_1_20' title='bbox 139 1024 223 1069; x_wconf 74' lang='lat' dir='ltr'>nannr</span> <span class='ocrx_word' id='word_1_21' title='bbox 259 1026 433 1071; x_wconf 78' lang='lat' dir='ltr'>romanas</span> <span class='ocrx_word' id='word_1_22' title='bbox 470 1026 576 1071; x_wconf 76' lang='lat' dir='ltr'>aaran</span> <span class='ocrx_word' id='word_1_23' title='bbox 609 1027 698 1071; x_wconf 84' lang='lat' dir='ltr'>unnrs</span> <span class='ocrx_word' id='word_1_24' title='bbox 733 1026 836 1071; x_wconf 77' lang='lat' dir='ltr'>nonan</span> <span class='ocrx_word' id='word_1_25' title='bbox 870 1027 992 1071; x_wconf 87' lang='lat' dir='ltr'>nuxrurs</span> <span class='ocrx_word' id='word_1_26' title='bbox 1025 1026 1163 1073; x_wconf 73' lang='lat' dir='ltr'>rasurus</span> <span class='ocrx_word' id='word_1_27' title='bbox 1197 1028 1274 1072; x_wconf 82' lang='lat' dir='ltr'>rurs</span> 
     </span>
     <span class='ocr_line' id='line_1_6' title="bbox 114 1113 1275 1198; baseline 0.003 -24"><span class='ocrx_word' id='word_1_28' title='bbox 114 1130 349 1177; x_wconf 78' lang='lat' dir='ltr'>crnaonomrus.</span> <span class='ocrx_word' id='word_1_29' title='bbox 417 1114 508 1177; x_wconf 87' lang='lat' dir='ltr'>Meae</span> <span class='ocrx_word' id='word_1_30' title='bbox 533 1114 662 1195; x_wconf 89' lang='lat' dir='ltr'>quidem</span> <span class='ocrx_word' id='word_1_31' title='bbox 686 1113 869 1197; x_wconf 81' lang='lat' dir='ltr'>exiguitatis</span> <span class='ocrx_word' id='word_1_32' title='bbox 889 1134 950 1178; x_wconf 91' lang='lat' dir='ltr'>non</span> <span class='ocrx_word' id='word_1_33' title='bbox 970 1116 1055 1178; x_wconf 90' lang='lat' dir='ltr'>esset</span> <span class='ocrx_word' id='word_1_34' title='bbox 1073 1118 1139 1177; x_wconf 87' lang='lat' dir='ltr'>tam</span> <span class='ocrx_word' id='word_1_35' title='bbox 1160 1132 1275 1198; x_wconf 89' lang='lat' dir='ltr'>magna</span> 
     </span>
     <span class='ocr_line' id='line_1_7' title="bbox 138 1220 1274 1303; baseline 0.002 -22"><span class='ocrx_word' id='word_1_36' title='bbox 138 1236 326 1298; x_wconf 77' lang='lat' dir='ltr'>praesumere</span> <span class='ocrx_word' id='word_1_37' title='bbox 366 1222 398 1283; x_wconf 91' lang='lat' dir='ltr'>et</span> <span class='ocrx_word' id='word_1_38' title='bbox 436 1220 475 1283; x_wconf 91' lang='lat' dir='ltr'>ad</span> <span class='ocrx_word' id='word_1_39' title='bbox 512 1225 657 1285; x_wconf 89' lang='lat' dir='ltr'>nestrum</span> <span class='ocrx_word' id='word_1_40' title='bbox 692 1220 783 1303; x_wconf 88' lang='lat' dir='ltr'>pimn</span> <span class='ocrx_word' id='word_1_41' title='bbox 816 1224 848 1285; x_wconf 93' lang='lat' dir='ltr'>et</span> <span class='ocrx_word' id='word_1_42' title='bbox 880 1224 1027 1285; x_wconf 88' lang='lat' dir='ltr'>sanctum</span> <span class='ocrx_word' id='word_1_43' title='bbox 1059 1220 1274 1303; x_wconf 89' lang='lat' dir='ltr'>apostolatum</span> 
     </span>
     <span class='ocr_line' id='line_1_8' title="bbox 137 1324 1274 1411; baseline 0.003 -25"><span class='ocrx_word' id='word_1_44' title='bbox 137 1324 236 1403; x_wconf 85' lang='lat' dir='ltr'>pusilli</span> <span class='ocrx_word' id='word_1_45' title='bbox 266 1345 411 1391; x_wconf 85' lang='lat' dir='ltr'>sermone</span> <span class='ocrx_word' id='word_1_46' title='bbox 443 1330 624 1410; x_wconf 82' lang='lat' dir='ltr'>praesentes</span> <span class='ocrx_word' id='word_1_47' title='bbox 660 1327 810 1410; x_wconf 82' lang='lat' dir='ltr'>paruulus</span> <span class='ocrx_word' id='word_1_48' title='bbox 844 1326 1000 1391; x_wconf 87' lang='lat' dir='ltr'>destinare</span> <span class='ocrx_word' id='word_1_49' title='bbox 1037 1327 1180 1411; x_wconf 76' lang='lat' dir='ltr'>paginas</span> <span class='ocrx_word' id='word_1_50' title='bbox 1218 1326 1274 1391; x_wconf 90' lang='lat' dir='ltr'>sed</span> 
     </span>
     <span class='ocr_line' id='line_1_9' title="bbox 139 1430 1273 1517; baseline 0.004 -24"><span class='ocrx_word' id='word_1_51' title='bbox 139 1430 204 1511; x_wconf 87' lang='lat' dir='ltr'>qnia</span> <span class='ocrx_word' id='word_1_52' title='bbox 233 1452 288 1515; x_wconf 89' lang='lat' dir='ltr'>pro</span> <span class='ocrx_word' id='word_1_53' title='bbox 321 1432 419 1497; x_wconf 88' lang='lat' dir='ltr'>insita</span> <span class='ocrx_word' id='word_1_54' title='bbox 450 1433 543 1498; x_wconf 90' lang='lat' dir='ltr'>uobis</span> <span class='ocrx_word' id='word_1_55' title='bbox 577 1434 786 1509; x_wconf 82' lang='lat' dir='ltr'>humanitate,</span> <span class='ocrx_word' id='word_1_56' title='bbox 820 1434 872 1517; x_wconf 92' lang='lat' dir='ltr'>pio</span> <span class='ocrx_word' id='word_1_57' title='bbox 906 1432 1138 1516; x_wconf 87' lang='lat' dir='ltr'>propitiationis</span> <span class='ocrx_word' id='word_1_58' title='bbox 1168 1432 1273 1497; x_wconf 90' lang='lat' dir='ltr'>animo</span> 
     </span>
     <span class='ocr_line' id='line_1_10' title="bbox 139 1536 1276 1624; baseline 0.003 -25"><span class='ocrx_word' id='word_1_59' title='bbox 139 1536 232 1601; x_wconf 87' lang='lat' dir='ltr'>omnia</span> <span class='ocrx_word' id='word_1_60' title='bbox 257 1542 338 1603; x_wconf 93' lang='lat' dir='ltr'>nutu</span> <span class='ocrx_word' id='word_1_61' title='bbox 368 1538 548 1604; x_wconf 91' lang='lat' dir='ltr'>diuinitatis</span> <span class='ocrx_word' id='word_1_62' title='bbox 572 1544 738 1624; x_wconf 86' lang='lat' dir='ltr'>protegere</span> <span class='ocrx_word' id='word_1_63' title='bbox 763 1540 941 1619; x_wconf 88' lang='lat' dir='ltr'>constituti,</span> <span class='ocrx_word' id='word_1_64' title='bbox 965 1540 1109 1604; x_wconf 89' lang='lat' dir='ltr'>lucidum</span> <span class='ocrx_word' id='word_1_65' title='bbox 1133 1539 1216 1603; x_wconf 90' lang='lat' dir='ltr'>diem</span> <span class='ocrx_word' id='word_1_66' title='bbox 1242 1542 1276 1603; x_wconf 91' lang='lat' dir='ltr'>et</span> 
     </span>
     <span class='ocr_line' id='line_1_11' title="bbox 104 1642 1274 1729; baseline 0.006 -27"><span class='ocrx_word' id='word_1_67' title='bbox 104 1642 228 1709; x_wconf 73' lang='lat' dir='ltr'>intotius</span> <span class='ocrx_word' id='word_1_68' title='bbox 255 1645 443 1710; x_wconf 88' lang='lat' dir='ltr'>festinitatis</span> <span class='ocrx_word' id='word_1_69' title='bbox 472 1648 629 1729; x_wconf 89' lang='lat' dir='ltr'>repletum</span> <span class='ocrx_word' id='word_1_70' title='bbox 654 1648 739 1712; x_wconf 93' lang='lat' dir='ltr'>omni</span> <span class='ocrx_word' id='word_1_71' title='bbox 763 1646 946 1712; x_wconf 87' lang='lat' dir='ltr'>reddidistis</span> <span class='ocrx_word' id='word_1_72' title='bbox 970 1645 1088 1711; x_wconf 89' lang='lat' dir='ltr'>mundo</span> <span class='ocrx_word' id='word_1_73' title='bbox 1113 1648 1146 1709; x_wconf 90' lang='lat' dir='ltr'>et</span> <span class='ocrx_word' id='word_1_74' title='bbox 1168 1645 1274 1709; x_wconf 90' lang='lat' dir='ltr'>omnia</span> 
     </span>
     <span class='ocr_line' id='line_1_12' title="bbox 137 1751 1273 1836; baseline 0.004 -25"><span class='ocrx_word' id='word_1_75' title='bbox 137 1751 241 1815; x_wconf 87' lang='lat' dir='ltr'>uestris</span> <span class='ocrx_word' id='word_1_76' title='bbox 264 1751 483 1833; x_wconf 88' lang='lat' dir='ltr'>praedicandis</span> <span class='ocrx_word' id='word_1_77' title='bbox 507 1754 654 1836; x_wconf 83' lang='lat' dir='ltr'>precibus</span> <span class='ocrx_word' id='word_1_78' title='bbox 679 1752 718 1816; x_wconf 89' lang='lat' dir='ltr'>ad</span> <span class='ocrx_word' id='word_1_79' title='bbox 740 1753 913 1835; x_wconf 88' lang='lat' dir='ltr'>pristinum</span> <span class='ocrx_word' id='word_1_80' title='bbox 935 1752 1067 1817; x_wconf 89' lang='lat' dir='ltr'>unitatis</span> <span class='ocrx_word' id='word_1_81' title='bbox 1095 1751 1273 1816; x_wconf 87' lang='lat' dir='ltr'>reuooastis</span> 
     </span>
     <span class='ocr_line' id='line_1_13' title="bbox 138 1857 1272 1943; baseline 0.003 -25"><span class='ocrx_word' id='word_1_82' title='bbox 138 1858 245 1921; x_wconf 79' lang='lat' dir='ltr'>statum</span> <span class='ocrx_word' id='word_1_83' title='bbox 268 1859 356 1922; x_wconf 90' lang='lat' dir='ltr'>etin</span> <span class='ocrx_word' id='word_1_84' title='bbox 380 1878 479 1923; x_wconf 89' lang='lat' dir='ltr'>unum</span> <span class='ocrx_word' id='word_1_85' title='bbox 503 1858 690 1923; x_wconf 89' lang='lat' dir='ltr'>concordare</span> <span class='ocrx_word' id='word_1_86' title='bbox 714 1858 768 1923; x_wconf 88' lang='lat' dir='ltr'>uel</span> <span class='ocrx_word' id='word_1_87' title='bbox 787 1859 958 1943; x_wconf 87' lang='lat' dir='ltr'>subiugare</span> <span class='ocrx_word' id='word_1_88' title='bbox 977 1858 1095 1923; x_wconf 90' lang='lat' dir='ltr'>uestris</span> <span class='ocrx_word' id='word_1_89' title='bbox 1114 1857 1272 1940; x_wconf 87' lang='lat' dir='ltr'>praedica-</span> 
     </span>
     <span class='ocr_line' id='line_1_14' title="bbox 137 1960 1315 2045; baseline -0.001 -21"><span class='ocrx_word' id='word_1_90' title='bbox 137 1962 243 2028; x_wconf 87' lang='lat' dir='ltr'>bilibus</span> <span class='ocrx_word' id='word_1_91' title='bbox 275 1968 307 2028; x_wconf 91' lang='lat' dir='ltr'>et</span> <span class='ocrx_word' id='word_1_92' title='bbox 339 1964 505 2029; x_wconf 89' lang='lat' dir='ltr'>adorandis</span> <span class='ocrx_word' id='word_1_93' title='bbox 537 1965 660 2029; x_wconf 89' lang='lat' dir='ltr'>meritis</span> <span class='ocrx_word' id='word_1_94' title='bbox 698 1964 871 2031; x_wconf 87' lang='lat' dir='ltr'>annuistis:</span> <span class='ocrx_word' id='word_1_95' title='bbox 909 1964 1054 2045; x_wconf 80' lang='lat' dir='ltr'>ideoque,</span> <span class='ocrx_word' id='word_1_96' title='bbox 1093 1962 1154 2027; x_wconf 90' lang='lat' dir='ltr'>etsi</span> <span class='ocrx_word' id='word_1_97' title='bbox 1191 1960 1315 2027; x_wconf 88' lang='lat' dir='ltr'>meis2</span> 
     </span>
     <span class='ocr_line' id='line_1_15' title="bbox 138 2068 1270 2154; baseline 0.001 -22"><span class='ocrx_word' id='word_1_98' title='bbox 138 2068 258 2133; x_wconf 89' lang='lat' dir='ltr'>obrutus</span> <span class='ocrx_word' id='word_1_99' title='bbox 289 2070 514 2152; x_wconf 84' lang='lat' dir='ltr'>iniquitatibus</span> <span class='ocrx_word' id='word_1_100' title='bbox 543 2076 576 2135; x_wconf 90' lang='lat' dir='ltr'>et</span> <span class='ocrx_word' id='word_1_101' title='bbox 604 2072 642 2136; x_wconf 89' lang='lat' dir='ltr'>ab</span> <span class='ocrx_word' id='word_1_102' title='bbox 672 2072 718 2136; x_wconf 89' lang='lat' dir='ltr'>eis</span> <span class='ocrx_word' id='word_1_103' title='bbox 747 2071 888 2154; x_wconf 91' lang='lat' dir='ltr'>nudique</span> <span class='ocrx_word' id='word_1_104' title='bbox 917 2089 1098 2154; x_wconf 85' lang='lat' dir='ltr'>oppressus,</span> <span class='ocrx_word' id='word_1_105' title='bbox 1127 2088 1163 2133; x_wconf 94' lang='lat' dir='ltr'>ex</span> <span class='ocrx_word' id='word_1_106' title='bbox 1190 2069 1270 2151; x_wconf 91' lang='lat' dir='ltr'>ipsis</span> 
     </span>
     <span class='ocr_line' id='line_1_16' title="bbox 103 2176 1271 2263; baseline 0.003 -27"><span class='ocrx_word' id='word_1_107' title='bbox 103 2200 123 2237; x_wconf 79' lang='lat' dir='ltr'>s</span> <span class='ocrx_word' id='word_1_108' title='bbox 137 2180 282 2241; x_wconf 87' lang='lat' dir='ltr'>recreatus</span> <span class='ocrx_word' id='word_1_109' title='bbox 327 2176 458 2241; x_wconf 86' lang='lat' dir='ltr'>infernis</span> <span class='ocrx_word' id='word_1_110' title='bbox 503 2182 682 2243; x_wconf 83' lang='lat' dir='ltr'>recurrente</span> <span class='ocrx_word' id='word_1_111' title='bbox 724 2178 763 2241; x_wconf 90' lang='lat' dir='ltr'>ad</span> <span class='ocrx_word' id='word_1_112' title='bbox 805 2177 944 2263; x_wconf 87' lang='lat' dir='ltr'>gloriosa</span> <span class='ocrx_word' id='word_1_113' title='bbox 985 2176 1123 2261; x_wconf 88' lang='lat' dir='ltr'>uestigia</span> <span class='ocrx_word' id='word_1_114' title='bbox 1163 2177 1271 2240; x_wconf 89' lang='lat' dir='ltr'>nestra</span> 
     </span>
     <span class='ocr_line' id='line_1_17' title="bbox 137 2282 1271 2369; baseline 0.001 -24"><span class='ocrx_word' id='word_1_115' title='bbox 137 2282 303 2348; x_wconf 85' lang='lat' dir='ltr'>confamulo</span> <span class='ocrx_word' id='word_1_116' title='bbox 332 2303 403 2348; x_wconf 91' lang='lat' dir='ltr'>meo</span> <span class='ocrx_word' id='word_1_117' title='bbox 434 2285 502 2349; x_wconf 93' lang='lat' dir='ltr'>niro</span> <span class='ocrx_word' id='word_1_118' title='bbox 530 2285 681 2369; x_wconf 88' lang='lat' dir='ltr'>religioso</span> <span class='ocrx_word' id='word_1_119' title='bbox 704 2285 852 2351; x_wconf 81' lang='lat' dir='ltr'>Pollione</span> <span class='ocrx_word' id='word_1_120' title='bbox 876 2284 1029 2367; x_wconf 88' lang='lat' dir='ltr'>usurpaui</span> <span class='ocrx_word' id='word_1_121' title='bbox 1052 2301 1103 2347; x_wconf 92' lang='lat' dir='ltr'>me</span> <span class='ocrx_word' id='word_1_122' title='bbox 1127 2286 1191 2347; x_wconf 91' lang='lat' dir='ltr'>tam</span> <span class='ocrx_word' id='word_1_123' title='bbox 1215 2302 1271 2364; x_wconf 91' lang='lat' dir='ltr'>per</span> 
     </span>
     <span class='ocr_line' id='line_1_18' title="bbox 136 2388 1269 2475; baseline 0.003 -26"><span class='ocrx_word' id='word_1_124' title='bbox 136 2406 200 2451; x_wconf 89' lang='lat' dir='ltr'>eum</span> <span class='ocrx_word' id='word_1_125' title='bbox 227 2409 318 2472; x_wconf 83' lang='lat' dir='ltr'>qnam</span> <span class='ocrx_word' id='word_1_126' title='bbox 348 2392 443 2455; x_wconf 93' lang='lat' dir='ltr'>etiam</span> <span class='ocrx_word' id='word_1_127' title='bbox 466 2390 517 2456; x_wconf 91' lang='lat' dir='ltr'>his</span> <span class='ocrx_word' id='word_1_128' title='bbox 540 2393 683 2475; x_wconf 88' lang='lat' dir='ltr'>paruulis</span> <span class='ocrx_word' id='word_1_129' title='bbox 708 2396 741 2456; x_wconf 92' lang='lat' dir='ltr'>et</span> <span class='ocrx_word' id='word_1_130' title='bbox 764 2391 886 2475; x_wconf 80' lang='lat' dir='ltr'>exiguis</span> <span class='ocrx_word' id='word_1_131' title='bbox 910 2392 1026 2457; x_wconf 89' lang='lat' dir='ltr'>uestris</span> <span class='ocrx_word' id='word_1_132' title='bbox 1050 2388 1269 2473; x_wconf 84' lang='lat' dir='ltr'>praedicandis</span> 
     </span>
     <span class='ocr_line' id='line_1_19' title="bbox 136 2496 1268 2584; baseline 0.004 -27"><span class='ocrx_word' id='word_1_133' title='bbox 136 2498 163 2557; x_wconf 94' lang='lat' dir='ltr'>et</span> <span class='ocrx_word' id='word_1_134' title='bbox 183 2496 343 2564; x_wconf 90' lang='lat' dir='ltr'>adorandis</span> <span class='ocrx_word' id='word_1_135' title='bbox 366 2504 600 2580; x_wconf 88' lang='lat' dir='ltr'>repraesentare</span> <span class='ocrx_word' id='word_1_136' title='bbox 624 2500 785 2584; x_wconf 77' lang='lat' dir='ltr'>uestigiis,</span> <span class='ocrx_word' id='word_1_137' title='bbox 812 2499 957 2564; x_wconf 89' lang='lat' dir='ltr'>diuinum</span> <span class='ocrx_word' id='word_1_138' title='bbox 978 2498 1125 2564; x_wconf 88' lang='lat' dir='ltr'>omnibus</span> <span class='ocrx_word' id='word_1_139' title='bbox 1145 2497 1268 2562; x_wconf 91' lang='lat' dir='ltr'>uiribus</span> 
     </span>
     <span class='ocr_line' id='line_1_20' title="bbox 135 2605 1267 2672; baseline 0.004 -9"><span class='ocrx_word' id='word_1_140' title='bbox 135 2619 252 2667; x_wconf 87' lang='lat' dir='ltr'>exorans</span> <span class='ocrx_word' id='word_1_141' title='bbox 274 2605 417 2670; x_wconf 85' lang='lat' dir='ltr'>fauorem</span> <span class='ocrx_word' id='word_1_142' title='bbox 441 2608 473 2669; x_wconf 89' lang='lat' dir='ltr'>et</span> <span class='ocrx_word' id='word_1_143' title='bbox 496 2607 580 2671; x_wconf 84' lang='lat' dir='ltr'>clera</span> <span class='ocrx_word' id='word_1_144' title='bbox 602 2626 682 2672; x_wconf 91' lang='lat' dir='ltr'>uoce</span> <span class='ocrx_word' id='word_1_145' title='bbox 707 2626 779 2672; x_wconf 91' lang='lat' dir='ltr'>cum</span> <span class='ocrx_word' id='word_1_146' title='bbox 804 2606 950 2672; x_wconf 86' lang='lat' dir='ltr'>omnibns</span> <span class='ocrx_word' id='word_1_147' title='bbox 976 2605 1101 2670; x_wconf 92' lang='lat' dir='ltr'>omnino</span> <span class='ocrx_word' id='word_1_148' title='bbox 1121 2607 1267 2668; x_wconf 87' lang='lat' dir='ltr'>cantans:</span> 
     </span>
     <span class='ocr_line' id='line_1_21' title="bbox 100 2707 1266 2796; baseline 0.003 -27"><span class='ocrx_word' id='word_1_149' title='bbox 100 2707 1266 2796; x_wconf 80' lang='lat' dir='ltr'>ngloriaiuexcelsisdeoetinterrapaxetinhominibus</span> 
     </span>
     <span class='ocr_line' id='line_1_22' title="bbox 134 2811 1311 2902; baseline 0.004 -27"><span class='ocrx_word' id='word_1_150' title='bbox 134 2811 247 2880; x_wconf 87' lang='lat' dir='ltr'>bonae</span> <span class='ocrx_word' id='word_1_151' title='bbox 274 2818 529 2895; x_wconf 77' lang='lat' dir='ltr'>uoluntatis,</span> <span class='ocrx_word' id='word_1_152' title='bbox 560 2820 614 2900; x_wconf 90' lang='lat' dir='ltr'>qni</span> <span class='ocrx_word' id='word_1_153' title='bbox 642 2839 697 2901; x_wconf 93' lang='lat' dir='ltr'>pro</span> <span class='ocrx_word' id='word_1_154' title='bbox 727 2839 786 2884; x_wconf 88' lang='lat' dir='ltr'>sua</span> <span class='ocrx_word' id='word_1_155' title='bbox 813 2817 1126 2902; x_wconf 89' lang='lat' dir='ltr'>incomprehensibili</span> <span class='ocrx_word' id='word_1_156' title='bbox 1149 2815 1267 2898; x_wconf 88' lang='lat' dir='ltr'>pietate</span> <span class='ocrx_word' id='word_1_157' title='bbox 1291 2825 1311 2886; x_wconf 90' lang='lat'><strong>3</strong></span> 
     </span>
     <span class='ocr_line' id='line_1_23' title="bbox 134 2923 1268 3008; baseline 0.004 -27"><span class='ocrx_word' id='word_1_158' title='bbox 134 2923 240 2986; x_wconf 87' lang='lat' dir='ltr'>uestris</span> <span class='ocrx_word' id='word_1_159' title='bbox 270 2924 413 2989; x_wconf 89' lang='lat' dir='ltr'>mirificis</span> <span class='ocrx_word' id='word_1_160' title='bbox 445 2926 594 3008; x_wconf 85' lang='lat' dir='ltr'>precibus</span> <span class='ocrx_word' id='word_1_161' title='bbox 629 2927 734 2990; x_wconf 87' lang='lat' dir='ltr'>omnia</span> <span class='ocrx_word' id='word_1_162' title='bbox 765 2925 963 2990; x_wconf 88' lang='lat' dir='ltr'>illuminanit</span> <span class='ocrx_word' id='word_1_163' title='bbox 995 2927 1028 2988; x_wconf 92' lang='lat' dir='ltr'>et</span> <span class='ocrx_word' id='word_1_164' title='bbox 1059 2923 1208 2988; x_wconf 87' lang='lat' dir='ltr'>liberauit</span> <span class='ocrx_word' id='word_1_165' title='bbox 1236 2925 1268 2986; x_wconf 89' lang='lat' dir='ltr'>et</span> 
     </span>
     <span class='ocr_line' id='line_1_24' title="bbox 133 3024 1266 3114; baseline 0.004 -27"><span class='ocrx_word' id='word_1_166' title='bbox 133 3024 263 3094; x_wconf 88' lang='lat' dir='ltr'>lucidum</span> <span class='ocrx_word' id='word_1_167' title='bbox 278 3033 311 3095; x_wconf 84' lang='lat' dir='ltr'>et</span> <span class='ocrx_word' id='word_1_168' title='bbox 325 3030 426 3096; x_wconf 89' lang='lat' dir='ltr'>totius</span> <span class='ocrx_word' id='word_1_169' title='bbox 443 3031 632 3096; x_wconf 82' lang='lat' dir='ltr'>festiuitatis</span> <span class='ocrx_word' id='word_1_170' title='bbox 651 3035 809 3114; x_wconf 88' lang='lat' dir='ltr'>repletum</span> <span class='ocrx_word' id='word_1_171' title='bbox 826 3033 910 3096; x_wconf 92' lang='lat' dir='ltr'>diem</span> <span class='ocrx_word' id='word_1_172' title='bbox 925 3033 955 3096; x_wconf 87' lang='lat' dir='ltr'>in</span> <span class='ocrx_word' id='word_1_173' title='bbox 972 3035 1039 3097; x_wconf 87' lang='lat' dir='ltr'>toto</span> <span class='ocrx_word' id='word_1_174' title='bbox 1056 3031 1128 3096; x_wconf 91' lang='lat' dir='ltr'>orbe</span> <span class='ocrx_word' id='word_1_175' title='bbox 1148 3030 1266 3094; x_wconf 88' lang='lat' dir='ltr'>uestris</span> 
     </span>
     <span class='ocr_line' id='line_1_25' title="bbox 134 3131 1268 3221; baseline 0.004 -26"><span class='ocrx_word' id='word_1_176' title='bbox 134 3131 185 3198; x_wconf 93' lang='lat' dir='ltr'>deo</span> <span class='ocrx_word' id='word_1_177' title='bbox 206 3135 307 3220; x_wconf 90' lang='lat' dir='ltr'>dignis</span> <span class='ocrx_word' id='word_1_178' title='bbox 330 3137 478 3220; x_wconf 83' lang='lat' dir='ltr'>precibus</span> <span class='ocrx_word' id='word_1_179' title='bbox 502 3139 664 3220; x_wconf 87' lang='lat' dir='ltr'>praestitit</span> <span class='ocrx_word' id='word_1_180' title='bbox 683 3143 716 3204; x_wconf 90' lang='lat' dir='ltr'>et</span> <span class='ocrx_word' id='word_1_181' title='bbox 734 3140 773 3203; x_wconf 87' lang='lat' dir='ltr'>ab</span> <span class='ocrx_word' id='word_1_182' title='bbox 794 3139 880 3204; x_wconf 90' lang='lat' dir='ltr'>omni</span> <span class='ocrx_word' id='word_1_183' title='bbox 898 3137 1066 3221; x_wconf 84' lang='lat' dir='ltr'>iniquitate</span> <span class='ocrx_word' id='word_1_184' title='bbox 1091 3137 1213 3221; x_wconf 91' lang='lat' dir='ltr'>exiguit</span> <span class='ocrx_word' id='word_1_185' title='bbox 1236 3139 1268 3200; x_wconf 90' lang='lat' dir='ltr'>et</span> 
     </span>
     <span class='ocr_line' id='line_1_26' title="bbox 100 3243 1266 3330; baseline 0.005 -29"><span class='ocrx_word' id='word_1_186' title='bbox 100 3262 119 3300; x_wconf 78' lang='lat' dir='ltr'>a</span> <span class='ocrx_word' id='word_1_187' title='bbox 135 3255 245 3306; x_wconf 89' lang='lat' dir='ltr'>omnem</span> <span class='ocrx_word' id='word_1_188' title='bbox 259 3243 378 3308; x_wconf 89' lang='lat' dir='ltr'>nodum</span> <span class='ocrx_word' id='word_1_189' title='bbox 397 3245 611 3330; x_wconf 88' lang='lat' dir='ltr'>colligationis</span> <span class='ocrx_word' id='word_1_190' title='bbox 627 3246 767 3311; x_wconf 84' lang='lat' dir='ltr'>absoluit</span> <span class='ocrx_word' id='word_1_191' title='bbox 782 3249 814 3311; x_wconf 92' lang='lat' dir='ltr'>et</span> <span class='ocrx_word' id='word_1_192' title='bbox 829 3265 954 3310; x_wconf 90' lang='lat' dir='ltr'>omnem</span> <span class='ocrx_word' id='word_1_193' title='bbox 970 3246 1116 3310; x_wconf 86' lang='lat' dir='ltr'>semitam</span> <span class='ocrx_word' id='word_1_194' title='bbox 1132 3243 1266 3326; x_wconf 87' lang='lat' dir='ltr'>apernit.</span> 
     </span>
    </p>
   </div>
   <div class='ocr_carea' id='block_1_4' title="bbox 211 3446 426 3512">
    <p class='ocr_par' dir='ltr' id='par_1_4' title="bbox 211 3446 426 3512">
     <span class='ocr_line' id='line_1_27' title="bbox 211 3446 426 3512; baseline 0.019 -13"><span class='ocrx_word' id='word_1_195' title='bbox 211 3446 244 3501; x_wconf 82' lang='lat'>20</span> <span class='ocrx_word' id='word_1_196' title='bbox 261 3447 326 3502; x_wconf 88' lang='lat' dir='ltr'>Luc.</span> <span class='ocrx_word' id='word_1_197' title='bbox 346 3449 372 3512; x_wconf 81' lang='lat'>2,</span> <span class='ocrx_word' id='word_1_198' title='bbox 393 3449 426 3503; x_wconf 81' lang='lat'>14</span> 
     </span>
    </p>
   </div>
   <div class='ocr_carea' id='block_1_5' title="bbox 127 3567 1266 4439">
    <p class='ocr_par' dir='ltr' id='par_1_5' title="bbox 127 3567 1266 4439">
     <span class='ocr_line' id='line_1_28' title="bbox 162 3567 1264 3643; baseline 0.008 -23"><span class='ocrx_word' id='word_1_199' title='bbox 162 3567 226 3624; x_wconf 81' lang='lat' dir='ltr'>lab.</span> <span class='ocrx_word' id='word_1_200' title='bbox 280 3569 349 3625; x_wconf 83' lang='lat' dir='ltr'>Dat.</span> <span class='ocrx_word' id='word_1_201' title='bbox 374 3588 399 3625; x_wconf 86' lang='lat' dir='ltr'>e.</span> <span class='ocrx_word' id='word_1_202' title='bbox 427 3573 480 3625; x_wconf 81' lang='lat'>519</span> <span class='ocrx_word' id='word_1_203' title='bbox 497 3590 586 3628; x_wconf 78' lang='lat' dir='ltr'>merrae</span> <span class='ocrx_word' id='word_1_204' title='bbox 603 3573 696 3640; x_wconf 80' lang='lat' dir='ltr'>Maio,</span> <span class='ocrx_word' id='word_1_205' title='bbox 709 3589 763 3642; x_wconf 79' lang='lat' dir='ltr'>per</span> <span class='ocrx_word' id='word_1_206' title='bbox 781 3573 952 3640; x_wconf 64' lang='lat' dir='ltr'>Pollionem</span> <span class='ocrx_word' id='word_1_207' title='bbox 971 3580 1071 3642; x_wconf 84' lang='lat' dir='ltr'>accept.</span> <span class='ocrx_word' id='word_1_208' title='bbox 1090 3580 1122 3628; x_wconf 79' lang='lat' dir='ltr'>ret</span> <span class='ocrx_word' id='word_1_209' title='bbox 1140 3591 1180 3643; x_wconf 82' lang='lat' dir='ltr'>ep.</span> <span class='ocrx_word' id='word_1_210' title='bbox 1199 3578 1264 3630; x_wconf 86' lang='lat'><strong><em>160.</em></strong></span> 
     </span>
     <span class='ocr_line' id='line_1_29' title="bbox 131 3651 1263 3730; baseline 0.008 -22"><span class='ocrx_word' id='word_1_211' title='bbox 131 3651 195 3709; x_wconf 75' lang='lat' dir='ltr'>Ede.</span> <span class='ocrx_word' id='word_1_212' title='bbox 221 3657 283 3716; x_wconf 84' lang='lat' dir='ltr'>Car.</span> <span class='ocrx_word' id='word_1_213' title='bbox 307 3659 338 3713; x_wconf 81' lang='lat'>1²</span> <span class='ocrx_word' id='word_1_214' title='bbox 364 3664 435 3728; x_wconf 76' lang='lat'><strong><em>499,·</em></strong></span> <span class='ocrx_word' id='word_1_215' title='bbox 457 3661 527 3715; x_wconf 89' lang='lat' dir='ltr'>Bar.</span> <span class='ocrx_word' id='word_1_216' title='bbox 552 3663 592 3716; x_wconf 82' lang='lat' dir='ltr'>od</span> <span class='ocrx_word' id='word_1_217' title='bbox 614 3679 641 3718; x_wconf 88' lang='lat' dir='ltr'>a.</span> <span class='ocrx_word' id='word_1_218' title='bbox 663 3665 725 3728; x_wconf 85' lang='lat'><em>519,</em></span> <span class='ocrx_word' id='word_1_219' title='bbox 747 3665 801 3730; x_wconf 75' lang='lat'>⁴05</span> <span class='ocrx_word' id='word_1_220' title='bbox 822 3663 930 3717; x_wconf 83' lang='lat' dir='ltr'>Colleet.</span> <span class='ocrx_word' id='word_1_221' title='bbox 953 3663 1073 3728; x_wconf 54' lang='lat' dir='ltr'>Casside</span> <span class='ocrx_word' id='word_1_222' title='bbox 1096 3663 1176 3716; x_wconf 82' lang='lat' dir='ltr'>Tlrr&#39;el</span> <span class='ocrx_word' id='word_1_223' title='bbox 1194 3665 1263 3717; x_wconf 77' lang='grc'><strong><em>854.</em></strong></span> 
     </span>
     <span class='ocr_line' id='line_1_30' title="bbox 131 3743 1263 3820; baseline 0.006 -23"><span class='ocrx_word' id='word_1_224' title='bbox 131 3743 278 3814; x_wconf 84' lang='lat' dir='ltr'>2epistolae</span> <span class='ocrx_word' id='word_1_225' title='bbox 290 3747 355 3801; x_wconf 82' lang='lat' dir='ltr'>add.</span> <span class='ocrx_word' id='word_1_226' title='bbox 369 3748 432 3802; x_wconf 77' lang='lat' dir='ltr'>edit.</span> <span class='ocrx_word' id='word_1_227' title='bbox 448 3765 500 3818; x_wconf 78' lang='lat' dir='ltr'>rep.</span> <span class='ocrx_word' id='word_1_228' title='bbox 514 3749 560 3820; x_wconf 80' lang='lat' dir='ltr'>(es.</span> <span class='ocrx_word' id='word_1_229' title='bbox 575 3749 699 3803; x_wconf 74' lang='lat' dir='ltr'>Iudicem</span> <span class='ocrx_word' id='word_1_230' title='bbox 715 3750 869 3819; x_wconf 74' lang='lat' dir='ltr'>generalem</span> <span class='ocrx_word' id='word_1_231' title='bbox 883 3751 987 3804; x_wconf 78' lang='lat' dir='ltr'>editum</span> <span class='ocrx_word' id='word_1_232' title='bbox 1000 3750 1032 3803; x_wconf 83' lang='lat' dir='ltr'>r&#39;rr</span> <span class='ocrx_word' id='word_1_233' title='bbox 1045 3751 1151 3818; x_wconf 81' lang='lat' dir='ltr'>Prolep.</span> <span class='ocrx_word' id='word_1_234' title='bbox 1162 3767 1222 3819; x_wconf 79' lang='lat' dir='ltr'>rap.</span> <span class='ocrx_word' id='word_1_235' title='bbox 1234 3753 1263 3816; x_wconf 79' lang='lat' dir='ltr'>I)</span> 
     </span>
     <span class='ocr_line' id='line_1_31' title="bbox 130 3835 1263 3908; baseline 0.006 -23"><span class='ocrx_word' id='word_1_236' title='bbox 130 3849 301 3889; x_wconf 76' lang='lat' dir='ltr'>nursrnxnere</span> <span class='ocrx_word' id='word_1_237' title='bbox 326 3835 357 3897; x_wconf 82' lang='lat' dir='ltr'>V,</span> <span class='ocrx_word' id='word_1_238' title='bbox 375 3852 445 3890; x_wconf 84' lang='lat' dir='ltr'>corr.</span> <span class='ocrx_word' id='word_1_239' title='bbox 464 3837 568 3891; x_wconf 72' lang='lat' dir='ltr'>Beatus</span> <span class='ocrx_word' id='word_1_240' title='bbox 657 3839 674 3892; x_wconf 83' lang='lat'>4</span> <span class='ocrx_word' id='word_1_241' title='bbox 694 3835 812 3908; x_wconf 76' lang='lat' dir='ltr'>ormirde</span> <span class='ocrx_word' id='word_1_242' title='bbox 836 3838 862 3891; x_wconf 90' lang='lat' dir='ltr'><em>V</em></span> <span class='ocrx_word' id='word_1_243' title='bbox 950 3841 965 3892; x_wconf 90' lang='lat'><strong>6</strong></span> <span class='ocrx_word' id='word_1_244' title='bbox 986 3841 1014 3892; x_wconf 90' lang='lat' dir='ltr'>et</span> <span class='ocrx_word' id='word_1_245' title='bbox 1033 3843 1109 3904; x_wconf 77' lang='lat' dir='ltr'>(ante</span> <span class='ocrx_word' id='word_1_246' title='bbox 1128 3843 1263 3904; x_wconf 80' lang='lat' dir='ltr'>sanetum)</span> 
     </span>
     <span class='ocr_line' id='line_1_32' title="bbox 128 3923 1263 3990; baseline 0.01 -18"><span class='ocrx_word' id='word_1_247' title='bbox 128 3935 205 3990; x_wconf 72' lang='lat' dir='ltr'>cupro</span> <span class='ocrx_word' id='word_1_248' title='bbox 222 3923 297 3978; x_wconf 80' lang='lat' dir='ltr'>tinea</span> <span class='ocrx_word' id='word_1_249' title='bbox 316 3925 383 3978; x_wconf 79' lang='lat' dir='ltr'>add.</span> <span class='ocrx_word' id='word_1_250' title='bbox 406 3924 432 3976; x_wconf 93' lang='lat' dir='ltr'><em>V</em></span> <span class='ocrx_word' id='word_1_251' title='bbox 518 3927 536 3978; x_wconf 91' lang='lat'><strong>9</strong></span> <span class='ocrx_word' id='word_1_252' title='bbox 560 3927 703 3981; x_wconf 88' lang='lat' dir='ltr'>constituti</span> <span class='ocrx_word' id='word_1_253' title='bbox 728 3927 763 3980; x_wconf 88' lang='lat' dir='ltr'>V:</span> <span class='ocrx_word' id='word_1_254' title='bbox 788 3927 918 3981; x_wconf 85' lang='lat' dir='ltr'>constitui</span> <span class='ocrx_word' id='word_1_255' title='bbox 938 3943 962 3990; x_wconf 83' lang='lat' dir='ltr'>a,</span> <span class='ocrx_word' id='word_1_256' title='bbox 987 3927 1168 3982; x_wconf 86' lang='lat' dir='ltr'>constituistis</span> <span class='ocrx_word' id='word_1_257' title='bbox 1189 3925 1263 3984; x_wconf 72' lang='lat' dir='ltr'>Cor„</span> 
     </span>
     <span class='ocr_line' id='line_1_33' title="bbox 130 4013 1265 4085; baseline 0.007 -25"><span class='ocrx_word' id='word_1_258' title='bbox 130 4013 297 4067; x_wconf 86' lang='lat' dir='ltr'>eomueuistie</span> <span class='ocrx_word' id='word_1_259' title='bbox 314 4013 385 4069; x_wconf 85' lang='lat' dir='ltr'>Bar.</span> <span class='ocrx_word' id='word_1_260' title='bbox 473 4015 506 4069; x_wconf 84' lang='lat'>13</span> <span class='ocrx_word' id='word_1_261' title='bbox 525 4013 653 4085; x_wconf 81' lang='lat' dir='ltr'>ideoque]</span> <span class='ocrx_word' id='word_1_262' title='bbox 668 4031 721 4084; x_wconf 79' lang='lat' dir='ltr'>per</span> <span class='ocrx_word' id='word_1_263' title='bbox 739 4016 958 4078; x_wconf 78' lang='lat' dir='ltr'>anacolutbr&#39;am,</span> <span class='ocrx_word' id='word_1_264' title='bbox 977 4017 1059 4084; x_wconf 79' lang='lat' dir='ltr'>puori</span> <span class='ocrx_word' id='word_1_265' title='bbox 1074 4015 1265 4083; x_wconf 78' lang='lat' dir='ltr'>praecessisset</span> 
     </span>
     <span class='ocr_line' id='line_1_34' title="bbox 127 4102 1264 4174; baseline 0.004 -22"><span class='ocrx_word' id='word_1_266' title='bbox 127 4102 252 4154; x_wconf 77' lang='lat' dir='ltr'>sententio</span> <span class='ocrx_word' id='word_1_267' title='bbox 263 4103 406 4170; x_wconf 67' lang='lat' dir='ltr'>primur-ia</span> <span class='ocrx_word' id='word_1_268' title='bbox 458 4104 491 4156; x_wconf 76' lang='lat'>17</span> <span class='ocrx_word' id='word_1_269' title='bbox 510 4103 613 4172; x_wconf 87' lang='lat' dir='ltr'>exiguis</span> <span class='ocrx_word' id='word_1_270' title='bbox 627 4103 757 4157; x_wconf 83' lang='lat' dir='ltr'>&lt;chartis&gt;</span> <span class='ocrx_word' id='word_1_271' title='bbox 771 4104 842 4157; x_wconf 88' lang='lat' dir='ltr'>Bar.</span> <span class='ocrx_word' id='word_1_272' title='bbox 895 4104 928 4158; x_wconf 88' lang='grc'>18</span> <span class='ocrx_word' id='word_1_273' title='bbox 947 4107 1149 4174; x_wconf 85' lang='lat' dir='ltr'>repraesentare</span> <span class='ocrx_word' id='word_1_274' title='bbox 1172 4103 1264 4157; x_wconf 82' lang='lat' dir='ltr'>Tbr‘el:</span> 
     </span>
     <span class='ocr_line' id='line_1_35' title="bbox 129 4190 1266 4260; baseline 0.004 -22"><span class='ocrx_word' id='word_1_275' title='bbox 129 4201 165 4239; x_wconf 89' lang='lat' dir='ltr'>rne</span> <span class='ocrx_word' id='word_1_276' title='bbox 181 4193 380 4260; x_wconf 85' lang='lat' dir='ltr'>repraesentare</span> <span class='ocrx_word' id='word_1_277' title='bbox 406 4190 431 4242; x_wconf 87' lang='lat' dir='ltr'><em>V</em></span> <span class='ocrx_word' id='word_1_278' title='bbox 560 4193 592 4245; x_wconf 88' lang='grc'>19</span> <span class='ocrx_word' id='word_1_279' title='bbox 612 4196 737 4246; x_wconf 82' lang='lat' dir='ltr'>exortans</span> <span class='ocrx_word' id='word_1_280' title='bbox 762 4191 794 4257; x_wconf 79' lang='lat' dir='ltr'>V,</span> <span class='ocrx_word' id='word_1_281' title='bbox 814 4208 883 4246; x_wconf 79' lang='lat' dir='ltr'>corr.</span> <span class='ocrx_word' id='word_1_282' title='bbox 907 4191 984 4246; x_wconf 81' lang='lat' dir='ltr'>Tbr&#39;et</span> <span class='ocrx_word' id='word_1_283' title='bbox 1095 4191 1215 4246; x_wconf 85' lang='lat' dir='ltr'>faborem</span> <span class='ocrx_word' id='word_1_284' title='bbox 1240 4191 1266 4243; x_wconf 87' lang='lat' dir='ltr'><em>V</em></span> 
     </span>
     <span class='ocr_line' id='line_1_36' title="bbox 129 4277 1265 4351; baseline 0.005 -23"><span class='ocrx_word' id='word_1_285' title='bbox 129 4289 217 4330; x_wconf 80' lang='lat' dir='ltr'>cenans</span> <span class='ocrx_word' id='word_1_286' title='bbox 244 4277 274 4341; x_wconf 87' lang='lat' dir='ltr'>V,</span> <span class='ocrx_word' id='word_1_287' title='bbox 303 4293 372 4333; x_wconf 83' lang='lat' dir='ltr'>corr.</span> <span class='ocrx_word' id='word_1_288' title='bbox 400 4295 476 4332; x_wconf 81' lang='lat' dir='ltr'>more.</span> <span class='ocrx_word' id='word_1_289' title='bbox 504 4295 556 4333; x_wconf 87' lang='lat' dir='ltr'>ree.</span> <span class='ocrx_word' id='word_1_290' title='bbox 581 4296 610 4332; x_wconf 81' lang='lat' dir='ltr'>e:</span> <span class='ocrx_word' id='word_1_291' title='bbox 639 4295 738 4333; x_wconf 84' lang='lat' dir='ltr'>canens</span> <span class='ocrx_word' id='word_1_292' title='bbox 767 4298 780 4331; x_wconf 88' lang='grc' dir='ltr'>ο</span> <span class='ocrx_word' id='word_1_293' title='bbox 872 4283 904 4334; x_wconf 83' lang='lat'>21</span> <span class='ocrx_word' id='word_1_294' title='bbox 934 4280 1207 4351; x_wconf 85' lang='lat' dir='ltr'>incomprehensibile</span> <span class='ocrx_word' id='word_1_295' title='bbox 1240 4281 1265 4334; x_wconf 94' lang='lat' dir='ltr'><em>V</em></span> 
     </span>
     <span class='ocr_line' id='line_1_37' title="bbox 130 4363 1204 4439; baseline 0.006 -23"><span class='ocrx_word' id='word_1_296' title='bbox 130 4363 245 4420; x_wconf 66' lang='lat' dir='ltr'>mutan</span> <span class='ocrx_word' id='word_1_297' title='bbox 263 4385 292 4422; x_wconf 86' lang='lat' dir='ltr'>nr:</span> <span class='ocrx_word' id='word_1_298' title='bbox 311 4367 418 4421; x_wconf 73' lang='lat' dir='ltr'>11th</span> <span class='ocrx_word' id='word_1_299' title='bbox 470 4368 505 4422; x_wconf 75' lang='lat'>24</span> <span class='ocrx_word' id='word_1_300' title='bbox 525 4367 628 4437; x_wconf 88' lang='lat' dir='ltr'>exignit</span> <span class='ocrx_word' id='word_1_301' title='bbox 651 4368 686 4422; x_wconf 90' lang='lat' dir='ltr'>V:</span> <span class='ocrx_word' id='word_1_302' title='bbox 707 4368 807 4437; x_wconf 88' lang='lat' dir='ltr'>eripuit</span> <span class='ocrx_word' id='word_1_303' title='bbox 826 4367 853 4419; x_wconf 84' lang='lat'>0²</span> <span class='ocrx_word' id='word_1_304' title='bbox 907 4369 942 4423; x_wconf 80' lang='lat'>25</span> <span class='ocrx_word' id='word_1_305' title='bbox 962 4369 1154 4439; x_wconf 85' lang='lat' dir='ltr'>collegecionis</span> <span class='ocrx_word' id='word_1_306' title='bbox 1178 4369 1204 4422; x_wconf 95' lang='lat' dir='ltr'><em>V</em></span> 
     </span>
    </p>
   </div>
   <div class='ocr_carea' id='block_1_6' title="bbox 0 0 1520 4975">
    <p class='ocr_par' dir='ltr' id='par_1_6' title="bbox 0 0 1520 4975">
     <span class='ocr_line' id='line_1_38' title="bbox 0 0 1520 4975; baseline 0 0"><span class='ocrx_word' id='word_1_307' title='bbox 0 0 1520 4975; x_wconf 95' lang='lat' dir='ltr'> </span> 
     </span>
    </p>
   </div>
  </div>
 </body>
</html>
