3025 4975
226 466 291 531 606
505 463 625 519 Libellus
643 461 773 516 Iohannis
792 458 1088 529 constantinopolitani

226 659 401 726 constituta
431 660 643 743 praesulibus,
677 658 734 724 deo
769 659 898 722 auctore
927 658 959 719 et
986 673 1082 738 regno
1112 654 1180 719 eius
1208 654 1375 719 adnitente

226 766 432 832 ecclesiarum
460 770 494 832 et
519 786 579 851 pax
606 770 639 831 ct
660 766 766 830 unitas
798 761 940 836 (tantis)
968 761 1166 845 temporibus
1194 760 1376 827 desiderata

195 873 402 957 5proueniat.
449 873 503 958 qui
523 873 551 938 si
570 892 628 939 uos
648 872 794 937 hortatus
813 870 919 946 fuerit,
935 870 972 933 ut
987 866 1376 950 Constantinopolitanum

225 980 363 1046 uideatis
401 980 597 1065 episcopum,
638 978 785 1044 intimate
822 994 880 1041 uos
921 974 1086 1058 praefinita
1126 974 1253 1051 habere,
1293 994 1377 1056 quae

227 1087 323 1151 etiam
347 1086 384 1152 ab
410 1088 457 1152 eis
480 1105 575 1169 saepe
599 1087 665 1151 sint
688 1084 830 1170 cognita:
864 1100 945 1165 quae
969 1080 1007 1146 ah
1031 1081 1189 1147 uniuersis
1213 1080 1376 1164 episcopis
1408 1094 1421 1137 ⁵

227 1193 416 1259 catholicam
455 1193 711 1259 communionem
752 1190 1020 1274 amplectentibus
1062 1188 1217 1273 professio
1260 1188 1379 1253 debeat

228 1301 389 1366 celebrari.
426 1300 515 1365 ‘haec
552 1300 580 1365 si
617 1300 788 1383 episcopus
826 1296 1206 1381 Constantinopolitamus
1242 1295 1377 1377 implere

226 1410 356 1490 paratus
381 1410 440 1485 est,
464 1407 494 1471 ei
513 1409 673 1492 gratanter
692 1404 906 1481 occurrimus3
932 1404 960 1469 si
978 1423 1053 1470 uero
1075 1403 1376 1487 sedisapostolicae

227 1514 481 1579 adhortationem
505 1512 596 1597 sequi
621 1511 805 1590 contemnit,
829 1511 906 1594 quid
925 1530 1055 1576 necesse
1080 1512 1139 1588 est,
1162 1512 1201 1573 ut
1223 1508 1262 1573 ad
1286 1527 1377 1575 occa-

226 1620 349 1685 sionem
373 1620 584 1687 contentionis
609 1620 759 1684 salutatio
783 1622 891 1683 nostra
917 1618 1071 1701 proficiat,
1096 1616 1212 1700 quibus
1239 1635 1301 1680 non
1327 1618 1378 1679 est
1396 1630 1422 1670 1⁰

197 1726 454 1811 6disputationis
484 1731 540 1793 aut
568 1726 749 1791 certaminis
778 1744 876 1790 causa
900 1724 980 1797 <in>
1007 1722 1198 1789 mandatis?
1243 1722 1271 1787 si
1299 1741 1376 1787 uero

227 1835 399 1917 imperator
431 1832 493 1898 sibi
526 1833 640 1917 aperiri
672 1832 822 1911 uoluerit,
856 1831 932 1915 quid
962 1831 1005 1896 sit
1037 1830 1121 1914 quod
1154 1829 1192 1894 ab
1226 1828 1376 1913 episcopo

198 1940 295 2009 lfieri
311 1940 492 2024 postuletis,
508 1940 642 2005 formam
660 1939 773 2017 libelli,
789 1958 884 2021 quam
898 1937 1043 2021 portatis,
1061 1935 1228 2002 ostendite.
1248 1934 1377 2017 quodsi

229 2047 269 2111 dc
300 2046 501 2110 anathemate
538 2045 646 2110 Aeacii
678 2044 879 2110 consentiens
917 2060 1118 2108 successores
1157 2041 1225 2107 eius
1264 2041 1378 2106 dixerit

228 2152 407 2219 recitandos
435 2152 474 2217 ob
499 2153 569 2231 hoc,
601 2151 837 2236 quodpropter
865 2150 1077 2216 defensionem
1109 2147 1376 2214 Chalcedonensis
1396 2162 1422 2205 1⁵

230 2258 342 2343 synodi
365 2258 465 2342 aliqui
488 2277 598 2323 eorum
621 2258 741 2323 fuerint
764 2257 856 2322 exilio
881 2256 1048 2343 deportati,
1071 2254 1273 2321 insinuabitis
1297 2254 1378 2319 nihil

229 2384 289 2430 uos
313 2365 351 2429 de
373 2365 475 2430 libelli
498 2383 593 2448 posse
617 2365 718 2430 forma
740 2364 917 2448 decerpere,
940 2363 973 2429 in
998 2382 1060 2446 quo
1078 2380 1230 2447 sequaces
1250 2362 1377 2426 damna·

200 2475 335 2542 8torum
363 2470 481 2555 pariter
504 2470 715 2536 continentur.
763 2469 819 2536 sed
843 2470 870 2536 si
894 2489 948 2536 eos
972 2470 1010 2536 ab
1034 2470 1094 2535 hac
1117 2489 1178 2535 non
1207 2467 1376 2553 potueritis

229 2579 404 2644 intentione
424 2577 600 2656 deflectere,
621 2578 736 2643 saltem
753 2579 814 2644 hoc
833 2578 1037 2662 acquiescite,
1056 2581 1093 2642 ut
1112 2577 1376 2642 anathematizato

231 2685 411 2769 specialiter
446 2704 502 2768 per
537 2684 694 2763 libellum,
732 2705 827 2767 quem
864 2685 957 2750 uobis
974 2705 977 2710 ·
995 2684 1151 2762 dedimus,
1188 2683 1304 2748 Acacio
1339 2683 1376 2747 de
1394 2703 1422 2744 ao

230 2801 504 2866 <suc>oessorum
520 2790 588 2856 eius
604 2791 785 2856 nominibus
800 2792 944 2856 taceatur
958 2790 1078 2856 abrasis
1094 2809 1202 2855 eorum
1217 2789 1255 2854 de
1275 2789 1378 2874 dipty-

231 2898 362 2964 chorum
390 2897 595 2980 inscriptione
618 2897 795 2963 uocabulis.
821 2917 882 2981 quo
907 2899 990 2962 facto
1016 2897 1201 2981 episcopum
1225 2895 1378 2962 Constan-

201 3004 475 3087 9tinopolitanum
512 3004 543 3068 in
580 3007 722 3069 nostram
759 3005 1011 3070 communionem
1041 3004 1186 3087 accipite.
1231 3003 1377 3068 libellum

230 3131 307 3177 uero
330 3111 384 3175 uel
411 3110 553 3194 episcopi
582 3110 927 3195 Constantinopolitani
955 3112 1008 3177 uel
1037 3111 1181 3188 aliorum,
1210 3129 1290 3191 quos
1319 3127 1378 3174 uos

231 3218 392 3300 suscipere
425 3217 482 3281 deo
515 3217 643 3282 uolente
676 3217 856 3303 contigerit,
889 3219 990 3302 primo
1024 3218 1119 3302 agite,
1148 3220 1186 3281 ut
1211 3219 1379 3300 praesente
1396 3233 1420 3273 2⁵

230 3324 349 3407 populo
386 3323 547 3387 recitetur.
582 3323 666 3404 quod
691 3324 719 3388 si
741 3324 803 3388 hoc
826 3323 894 3389 fieri
921 3343 983 3390 non
1015 3323 1167 3407 potuerit,
1201 3323 1316 3387 saltem
1347 3322 1378 3386 in

232 3429 400 3495 secretario
436 3429 657 3512 praesentibus
695 3429 820 3494 clericis
853 3433 885 3494 et
917 3429 1171 3495 archimandritis
1207 3429 1380 3513 relegatur.

181 3537 309 3612 10haec
347 3536 452 3601 omnia
483 3535 511 3600 si
544 3535 602 3601 deo
635 3537 754 3601 fuerint
790 3538 918 3602 uolente
952 3537 1119 3621 completa,
1156 3536 1380 3619 imperatorem

231 3646 352 3727 rogate,
394 3646 432 3707 ut
468 3642 636 3708 destinatis
680 3644 778 3707 sacris
815 3663 870 3727 per
910 3645 1170 3728 metropolitanos
1212 3642 1380 3726 episcopos

232 3748 389 3814 adiunctis
408 3748 510 3830 ipsius
531 3749 672 3832 episcopi
690 3749 807 3816 litteris
825 3751 1005 3815 innotescat
1023 3751 1208 3834 episcopum
1228 3747 1382 3814 Constan-
1398 3775 1420 3818 a

230 3855 477 3938 tinopolitanum
514 3874 572 3920 suo
610 3875 735 3938 quoque
778 3875 933 3922 consensu
976 3857 1132 3922 celebrata
1172 3853 1380 3937 professione,

270 4107 284 4160 1
304 4106 481 4178 praesulimus
505 4108 536 4171 V,
555 4123 624 4164 corr.
645 4106 672 4178 p²
716 4109 733 4162 2
751 4108 836 4162 tantis
855 4107 961 4164 inaerari
979 4108 1032 4177 (his
1050 4108 1136 4175 Can),
1150 4109 1185 4176 cf.
1201 4125 1231 4177 p.
1248 4107 1381 4174 586,19,·

235 4197 369 4263 600,10,·
388 4199 452 4262 601,
471 4201 504 4250 22
575 4198 591 4250 3
611 4195 684 4266 quod
702 4199 725 4250 si
739 4216 757 4249 α
844 4198 875 4251 11
898 4196 956 4250 <in>
976 4196 1111 4252 mandatis
1130 4199 1168 4251 0²:
1189 4191 1325 4251 mandatis
1348 4195 1379 4260 V,

233 4283 361 4338 mandata
379 4284 449 4338 Bar.
497 4287 530 4339 19
548 4285 599 4339 hac
619 4285 751 4356 quiescite
775 4285 806 4350 V,
826 4302 895 4342 corr.
916 4303 928 4336 o
973 4287 1007 4340 20
1025 4302 1064 4354 sq.
1085 4285 1117 4340 de
1136 4302 1322 4340 successorum
1340 4283 1378 4354 9²:

233 4372 404 4426 decessorum
427 4373 451 4427 V
505 4375 536 4427 21
559 4372 592 4426 de
612 4372 800 4442 diptychorum
819 4373 857 4429 0²:
878 4373 930 4428 ded
947 4375 1116 4444 ygipciorum
1138 4373 1166 4427 V
