3025 4975
475 450 561 521 Epist.
581 449 723 505 CCXXXX
741 451 757 504 3
777 481 811 489 —
831 449 963 505 CCXXXI
981 451 1006 504 2.
1245 455 1307 518 741

168 647 280 711 dicitur
302 647 335 712 in
359 645 470 712 multis
491 646 607 722 causis,
628 665 708 728 quae
727 645 886 730 religiosis
906 646 1026 710 alienae
1046 649 1121 712 sunt
1140 647 1308 730 episcopis,

169 757 202 816 ut
228 753 413 818 clericorum
442 773 572 818 suorum
605 753 793 836 proditione,
827 753 1044 818 habitatorum
1076 753 1173 818 ctiam
1206 754 1309 818 dictae

167 861 316 939 ciuitatis,
346 861 479 926 aliorum
508 861 639 942 insuper
661 859 877 941 frequentium
900 860 1074 938 incusetur,
1098 879 1160 924 non
1183 863 1306 926 tantum

167 969 275 1051 legatis
309 971 434 1032 uestrae
469 966 692 1031 sanctitudinis
725 967 757 1030 iu
791 968 850 1030 hac
882 967 971 1050 regia
1003 967 1117 1049 positis
1151 968 1238 1043 urbe,
1272 973 1309 1032 ut

139 1095 150 1132 s
167 1075 246 1154 ipsos
273 1093 399 1158 quoque
423 1074 556 1138 retinere
581 1093 756 1148 cernemus,
777 1093 890 1138 uerum
908 1077 983 1156 post
1001 1094 1111 1138 eorum
1128 1094 1306 1140 recessum:

165 1181 214 1262 qui
236 1182 338 1246 malae
358 1181 571 1246 conscientiae
592 1199 667 1245 suaa
688 1181 794 1246 uictus
814 1181 1008 1256 testimonio,
1029 1181 1159 1246 territus
1179 1181 1309 1263 insuper

164 1307 198 1351 ne
225 1289 412 1370 quaestione
441 1287 551 1352 habita
578 1288 758 1370 grauiorem
786 1289 922 1352 ferinam
951 1287 1054 1352 exitus
1082 1288 1127 1352 rei
1152 1292 1307 1371 posceret,

163 1396 371 1460 recusatorios
395 1395 521 1460 libellos
546 1393 674 1470 obtulit,
699 1399 735 1458 ut
758 1395 871 1459 liceret
894 1395 923 1459 ei
943 1395 1089 1459 secedere
1109 1413 1127 1458 a
1146 1399 1306 1478 suscepto,

163 1503 241 1566 sient
274 1502 395 1566 dictum
429 1506 487 1578 est,
521 1502 726 1583 episcopatus
761 1501 877 1566 officio.
911 1501 1059 1583 quoniam
1091 1502 1191 1586 igitur
1219 1501 1350 1567 cordia

125 1632 147 1668 u
162 1609 247 1673 nobis
272 1613 304 1674 et
328 1613 379 1674 est
402 1611 434 1672 et
456 1609 527 1685 fuit,
553 1629 574 1672 u
614 1627 738 1691 semper
762 1608 933 1672 ciuitatum
957 1608 1119 1673 antistites
1143 1608 1174 1672 in
1200 1628 1306 1674 amore

161 1717 221 1780 sint
235 1715 376 1780 omnium
393 1715 562 1792 communi,
580 1735 715 1798 qnorum
731 1715 884 1798 regendas
904 1715 1106 1798 (accepisse)
1135 1715 1308 1779 creduntur

161 1823 287 1898 animas,
313 1822 435 1886 Paulus
459 1825 567 1886 autem
590 1823 640 1886 uir
662 1821 940 1886 reuerentissimus
964 1823 1048 1886 ultro
1069 1840 1103 1885 se
1123 1841 1192 1899 suo,
1211 1825 1306 1904 prout·

158 1929 413 2008 memorauimus
461 1929 623 1994 abdicauit
664 1929 851 2003 sacerdotio,
892 1931 1093 2010 praesentem
1135 1928 1304 2010 epistolam

158 2034 300 2101 duximus
325 2035 520 2120 dirigendam
541 2071 583 2104 η
603 2035 696 2102 uobis
716 2035 876 2117 aperiatur
899 2039 932 2100 et
951 2035 1148 2099 orationibus
1167 2035 1303 2116 propriis

120 2167 140 2204 o
158 2145 291 2207 caeleste
311 2143 402 2207 nobis
422 2142 617 2224 praesidinm
637 2141 777 2226 digneris
797 2143 967 2224 acquirere.
1032 2141 1116 2204 Data
1134 2140 1207 2204 Kal.
1227 2141 1302 2204 Mai.

159 2248 430 2332 Constantinopoli
454 2249 629 2314 Iustiniano
655 2253 686 2314 et
710 2249 837 2314 Ualerio
863 2269 917 2314 uu.
942 2267 987 2314 cc.
1013 2267 1117 2313 conss.

672 2494 781 2578 (aaa.)

155 2655 310 2701 Exunrnt'nr
340 2657 525 2701 nasamonas
555 2656 721 2701 EPIPHANII
749 2656 893 2701 EPISCOPI
919 2654 1298 2702 coxsnaurruor’onlrunl.

197 2798 254 2842 rna
291 2797 389 2843 orma
425 2798 627 2843 snuonrssnro
665 2798 704 2843 nr
743 2798 926 2843 snarrssrno
958 2798 1075 2843 nortae
1108 2797 1222 2841 suanm
1253 2796 1293 2840 nr

116 2906 138 2947 ro
155 2904 428 2951 conurursnnanonn
447 2905 622 2950 normanna
641 2904 843 2950 sereremus,
902 2885 1148 2967 Frequentiores
1167 2884 1296 2967 quidem

156 2992 273 3057 litteras
294 2994 397 3058 facero
418 2992 456 3056 acl
476 2996 615 3057 uestram
634 2992 864 3056 beatitudinem
884 2995 916 3056 et
933 2992 996 3056 frui
1015 2992 1131 3056 affectu
1144 2992 1299 3055 fraternae

153 3100 288 3164 caritatis
318 3103 476 3184 optamus,
507 3118 587 3164 nuuc
617 3104 724 3163 antem
754 3119 791 3163 ea
819 3118 898 3182 quae
926 3102 1100 3163 ernenerunt
1133 3098 1297 3181 cupientes

152 3210 287 3268 uestram
327 3204 571 3270 sanctimoniam
611 3224 672 3269 non
709 3205 807 3268 latere
844 3204 1065 3287 praesentibus
1102 3204 1154 3267 usi
1187 3223 1298 3268 sumus

157 3310 290 3391 scriptis.
320 3310 431 3375 multis
461 3313 543 3375 enim
568 3315 601 3375 et
624 3330 685 3375 non
709 3330 808 3391 paruo
833 3312 935 3392 spatio
959 3310 1112 3392 temporis
1136 3310 1296 3392 perturba·
1322 3319 1341 3380 2

116 3416 293 3481 lotionibus
321 3417 510 3481 Antiochiae
534 3418 701 3482 niaximam
727 3417 901 3494 ciuitatem,
927 3436 1007 3499 quac
1032 3419 1082 3481 est
1103 3418 1134 3479 in
1160 3416 1297 3479 dioecesi

156 3520 302 3588 Orientali
331 3523 441 3607 prima,
471 3524 751 3589 circumstantibus
784 3524 842 3589 sub
872 3524 1049 3602 occasione,
1074 3522 1149 3606 quia
1172 3522 1297 3586 Paulus

185 3816 200 3868 6
218 3815 322 3869 ueritus
336 3812 400 3867 Uar.
440 3815 469 3867 11
492 3812 637 3867 creduntur
651 3813 688 3868 V:
706 3814 962 3883 accepemntBar.;
980 3830 1026 3883 epo
1039 3814 1145 3868 inserui
1160 3816 1294 3884 accepisse

153 3904 308 3974 (suscepisse
324 3902 348 3955 Τ
348 3903 410 3963 niet.
427 3920 517 3955 curere
528 3902 641 3969 Hartel)
687 3905 719 3955 14
734 3903 866 3955 lacunam
883 3902 1025 3957 indicaui:
1043 3908 1073 3957 ut
1091 3904 1209 3957 interruit
1221 3904 1294 3965 Can,

151 3992 286 4059 modion
303 3992 422 4059 suffici&
440 3990 540 4046 madir
550 3994 581 4045 ut
595 3990 659 4060 quid
670 3990 771 4044 lactum
782 3992 818 4044 sit
827 3992 873 4045 uel
881 3992 970 4046 munile
979 3992 1047 4059 quid
1084 3994 1117 4046 15
1132 3994 1217 4047 nraias
1232 4012 1295 4047 con·

150 4082 353 4152 stantinopolim
377 4079 409 4147 V,
427 4097 496 4134 corr.
518 4098 531 4150 p
588 4082 620 4135 16
638 4068 687 4135 unc
707 4066 779 4135 com
794 4081 820 4134 V

184 4188 251 4243 242.
306 4187 376 4241 Dat.
395 4193 426 4241 ut
444 4204 484 4255 ep.
504 4190 564 4240 241.
623 4187 697 4241 Edu.
721 4185 925 4253 Car.1²562;
946 4187 1057 4240 Collect.
1078 4188 1174 4242 Concil
1186 4207 1196 4253 ;
1218 4188 1296 4241 Taiec

154 4280 221 4341 984,·
245 4281 435 4331 corrrmemorat
457 4276 527 4329 Bur.
548 4276 587 4331 ad
610 4293 635 4332 a.
658 4278 778 4329 52138.
862 4276 893 4330 18
912 4263 999 4330 1an
1020 4277 1046 4330 V
1132 4278 1167 4331 23
1186 4278 1239 4330 uisi
1262 4278 1294 4343 V,

151 4382 218 4419 corr,
236 4365 263 4419 0²
318 4364 472 4421 sedimen
498 4365 523 4417 V
