3025 4975
477 420 562 493 spise.
584 422 677 478 cxxv
700 423 731 477 12
752 453 785 463 -
806 422 916 477 cxxvi
935 424 959 477 a.
1220 430 1283 493 541

147 638 195 682 cur
221 618 446 702 postulationis
474 638 564 684 meae
592 621 762 685 molestam
790 621 1028 685 mansuetudini
1051 625 1177 688 uestrae
1201 623 1286 705 quis·

147 746 231 806 quam
255 726 342 791 dicat
362 746 430 793 esse
449 728 671 809 frequentiam,
693 747 766 792 cum
784 746 841 809 per
859 748 905 805 ea,
926 748 1006 810 quae
1027 728 1109 794 fiunt
1126 750 1162 795 er
1181 729 1285 795 officio

146 852 216 907 meo,
235 852 292 917 per
309 834 448 899 remedia
466 832 540 898 fidei
559 840 667 899 uestro
687 834 873 899 consulatur
890 836 1046 917 imperio?
1070 837 1185 901 etenim
1206 856 1286 919 quae

144 944 511 1017 meoneratcu1·a,nos
538 942 677 1015 releuat;
707 940 787 1004 mihi
815 942 982 1014 incumbit,
1011 943 1067 1007 sed
1094 943 1187 1007 uobis
1215 962 1284 1025 pro·

120 1045 234 1121 eficiet3
268 1048 347 1112 licet
375 1067 411 1113 ex
440 1048 567 1113 diuerso
602 1048 721 1113 semine
755 1067 838 1112 uuus
871 1048 996 1113 fructus
1029 1049 1191 1115 amborum
1224 1052 1285 1115 est.

144 1172 205 1217 nam
234 1154 320 1219 sicut
347 1173 447 1237 poena
477 1160 526 1219 est
554 1173 611 1219 nec
640 1154 742 1219 dicere
772 1154 830 1219 deo
859 1160 991 1237 accepta
1018 1174 1075 1220 uec
1102 1156 1216 1232 facere,
1239 1156 1286 1221 ita

143 1264 218 1323 certa
239 1260 452 1325 remuneratio
476 1262 529 1325 uel
553 1260 612 1337 illi,
638 1262 691 1345 qui
716 1261 875 1344 spiritalia
892 1261 1134 1343 praedicanerit,
1153 1264 1207 1327 uel
1224 1262 1282 1345 ini,

143 1368 188 1449 qui
219 1367 329 1432 audita
360 1386 421 1432 uon
454 1368 621 1450 spreuerit.
692 1368 781 1433 dedit
814 1367 943 1450 quidem
975 1368 1144 1433 clementia
1175 1368 1328 1433 uestral

141 1476 223 1539 uelut
246 1474 389 1539 obsidem
413 1474 568 1557 propositi
594 1474 644 1539 sui
669 1474 728 1539 sub
752 1475 938 1539 testimonio
957 1474 1132 1557 imperialis
1151 1476 1285 1558 alloquii

109 1600 127 1638 n
142 1584 168 1645 et
193 1601 225 1645 se
253 1581 345 1663 quasi
372 1580 503 1664 pignore
533 1580 669 1663 quodam
697 1581 798 1646 bonae
822 1582 1000 1646 uoluntatis
1024 1581 1203 1658 adstrinxit,
1227 1582 1284 1647 sed

142 1706 212 1770 opus
230 1690 279 1753 est
298 1688 419 1769 coeptis
442 1686 613 1761 <a>dicere
631 1687 826 1754 firmitatem.
847 1692 975 1753 sumant
991 1689 1121 1771 plenum
1138 1688 1284 1753 decorem

140 1793 417 1870 iactafundamina,
433 1813 493 1859 non
511 1795 715 1859 remittantur
731 1799 969 1879 propugnantes
987 1814 1044 1877 pro
1064 1794 1115 1859 dei
1135 1795 1280 1860 ecclesiis

140 1920 255 1967 nanus:
280 1902 399 1967 totiens
422 1902 641 1967 Israheliticus
666 1900 769 1966 hostis
791 1902 964 1978 intercidit,
984 1901 1131 1983 quotiens
1150 1900 1280 1985 Moyses

138 2007 256 2073 brachia
282 2028 343 2074 nou
371 2008 506 2073 remisit.
543 2008 675 2073 effectus
705 2026 809 2090 opera,
838 2007 909 2073 linis
937 2008 1139 2073 commendat
1169 2008 1280 2084 initia;

106 2130 124 2171 1⁵
139 2134 194 2179 non
214 2115 343 2197 prodest
366 2114 509 2199 coepisse
535 2115 742 2191 deserentem,
768 2115 843 2196 quia
862 2115 931 2179 sola
948 2115 1192 2198 perseuerantia
1209 2114 1283 2179 fidei

139 2220 189 2284 dat
217 2223 361 2287 salntem.
429 2222 648 2287 benedicimus
681 2222 786 2297 deum,
815 2222 907 2286 cuius
936 2223 1003 2286 zelo
1032 2222 1136 2305 pietas
1169 2226 1325 2293 uestra5

138 2332 377 2412 transgressores
401 2328 515 2411 impios
539 2328 723 2393 Nestorium
747 2333 780 2394 et
802 2328 968 2412 Eutychen
997 2348 1031 2393 se
1060 2328 1144 2393 uelle
1168 2328 1275 2393 odisso

140 2436 337 2520 persequique
362 2455 434 2502 cum
457 2435 601 2502 nefandis
627 2439 659 2501 et
683 2437 848 2520 sacrilegis
872 2435 1076 2521 dogmatibus
1099 2434 1267 2518 profitetur

141 2543 243 2623 probat
265 2542 372 2608 odisse
398 2561 431 2608 se
455 2542 545 2618 uitia,
571 2543 624 2626 qui
649 2544 838 2607 condemnat
866 2544 1015 2619 errantes,
1043 2559 1100 2606 nec
1126 2541 1278 2622 relinquit

108 2648 195 2713 usibi
223 2651 328 2714 locum
361 2649 519 2727 demendi,
549 2651 603 2732 qui
635 2669 697 2714 non
729 2649 906 2733 pepercerit
939 2648 1112 2713 excedenti.
1153 2648 1320 2731 primast

31 2773 32 2778 ¹
140 2755 322 2820 innocentiae
347 2756 464 2840 gradm
489 2759 539 2822 est
561 2756 668 2821 odisse
692 2755 859 2839 culpanda,
885 2755 940 2820 sed
964 2755 1110 2819 ueritatis
1132 2754 1276 2826 interest,

140 2861 252 2927 domine
285 2863 341 2936 fili,
380 2867 412 2927 et
444 2862 620 2928 catholicae
658 2861 855 2946 discipliuae,
892 2865 931 2926 ut
967 2862 1142 2926 sectatores
1180 2860 1276 2924 etiam

140 2985 235 3034 eorum
257 2971 352 3050 atque
375 2969 547 3053 participes
572 2967 712 3046 oderitis
733 2988 868 3051 qnorum
891 2968 1097 3033 exsecrandos
1115 2966 1276 3050 principes

139 3072 284 3140 iudicatis.
318 3095 378 3140 nou
402 3077 435 3140 in
460 3075 647 3140 damnandis
672 3076 739 3140 sola
763 3074 796 3139 id
820 3079 870 3139 est
893 3078 980 3140 certa
1004 3074 1140 3150 nomina,
1164 3073 1275 3138 sedin

106 3195 125 3236 u
139 3178 181 3244 his
203 3183 304 3260 etiam,
325 3183 378 3264 qui
404 3182 569 3246 damnatos
595 3187 780 3265 sequuntur,
802 3185 878 3246 sunt
897 3181 1029 3246 crimina
1046 3178 1274 3262 persequenda.

140 3285 242 3352 lmstre
264 3289 403 3353 auersari
428 3308 461 3353 se
486 3288 591 3371 plures
615 3290 738 3367 asserit,
764 3289 818 3371 qui
841 3307 941 3352 unum
965 3288 1003 3352 de
1026 3288 1087 3365 his,
1112 3286 1167 3369 qui
1190 3285 1275 3350 dote·

140 3395 260 3460 statione
285 3395 374 3480 digni
397 3396 588 3470 iudicantur,
609 3396 782 3479 exceperim
806 3415 867 3459 non
892 3395 976 3458 enim
1000 3411 1151 3458 numerus
1174 3410 1274 3456 erran·

140 3499 209 3564 tium
228 3501 392 3568 hominum
416 3503 473 3567 sed
496 3505 646 3567 meritum
670 3503 888 3568 consideratur
907 3521 1058 3566 errorum.
1110 3501 1169 3564 hoc
1187 3498 1271 3576 ideo,
1297 3497 1316 3559 7

216 3771 245 3825 13
264 3771 297 3826 ci.
319 3769 401 3824 Exod.
423 3771 466 3838 17,
488 3771 518 3825 11
577 3771 608 3824 15
630 3769 663 3824 cf.
682 3770 782 3824 Metth.
805 3770 846 3833 10,
866 3771 901 3823 22

169 3891 268 3949 toleio
288 3895 315 3950 V
349 3895 535 3950 3consoletur
552 3894 584 3958 V,
600 3911 668 3948 corr.
684 3893 711 3944 0²
746 3893 975 3965 dproficitButt.
992 3893 1078 3947 Your.
1116 3892 1229 3948 euelud
1248 3893 1275 3946 V

31 4009 32 4048 t
139 3982 165 4034 11
185 3981 279 4040 adicere
298 4005 325 4039 o:
346 3984 435 4039 dicere
458 3983 484 4036 V
555 3983 650 4038 decore
674 3984 705 4043 V,
725 3999 828 4038 corno
886 3984 919 4037 14
938 3982 1040 4036 efectus
1064 3981 1091 4036 V
1143 3983 1174 4036 17
1194 3986 1272 4052 euty-

31 4069 32 4078 ’
140 4086 205 4124 oense
226 4075 265 4129 uel
289 4073 379 4128 odisse
401 4075 528 4143 persequi
553 4074 598 4142 qui
622 4090 679 4126 curn
704 4071 735 4137 V,
755 4073 872 4127 correxi:
898 4071 1077 4140 Eutychetem
1097 4070 1141 4124 uel
1159 4070 1222 4124 odio
1242 4087 1270 4124 se

31 4221 32 4236 ἢ
138 4163 246 4230 persequi
268 4181 327 4218 cum
354 4163 445 4226 Timet·
471 4163 648 4232 Eutychetem
671 4163 716 4216 uel
740 4179 785 4216 eos
808 4162 982 4232 persequitur
1004 4161 1050 4230 qui
1073 4177 1132 4214 curn
1148 4203 1153 4214 .
1170 4160 1269 4229 profi·

31 4237 32 4318 ζ
139 4251 298 4306 tenturBar.
385 4253 416 4306 19
436 4267 464 4306 se
482 4252 552 4305 uitia
570 4251 609 4304 0²:
635 4250 735 4304 senicia
759 4251 786 4304 V
854 4251 888 4304 22
913 4249 1052 4319 dissipline
1075 4249 1100 4301 V
1171 4250 1205 4302 27
1225 4265 1269 4302 ex·

31 4377 32 4392 r
141 4335 222 4406 eiperit
241 4341 266 4394 V
336 4343 405 4396 enim
425 4361 452 4394 o:
473 4342 524 4396 erit
547 4341 573 4396 V
