3025 4975
222 430 286 493 626
366 426 512 480 Hormisda
528 426 641 495 legatie,
660 426 733 479 idem
750 425 866 479 Iohanni
886 423 1029 495 Cpolitano
1049 428 1077 479 et
1095 426 1226 480 Dioscoro

221 622 300 687 recti
337 620 460 686 itineris
497 621 626 705 signum
662 620 732 685 liris
770 639 896 703 semper
932 620 1099 703 optutibus
1135 620 1268 698 intuere,
1307 638 1370 702 que

222 730 340 793 certius
369 731 403 793 et
428 728 569 792 reflantis
598 727 716 792 diaboli
743 727 873 792 turbata
896 730 1079 792 contemnas
1104 729 1137 791 et
1159 726 1198 791 ad
1220 725 1371 809 promissi

221 838 334 918 portus
352 834 525 916 tranquilla
542 833 720 917 peruenias.
739 834 818 897 haec
837 837 888 898 est
910 833 994 897 enim
1019 832 1191 899 Christiani
1213 835 1372 917 palaestra

222 941 420 1018 certaminis3
445 941 503 1005 tali
527 939 647 1006 Christi
669 940 804 1003 militiae
828 940 1038 1021 sempiternae
1061 940 1149 1005 uitae
1171 940 1277 1023 palma
1299 959 1371 1022 pro·

192 1043 360 1131 7pouitur.
389 1048 467 1112 haee
495 1047 555 1111 tibi
582 1046 761 1112 rectissime
791 1047 946 1130 cogitanti
973 1066 1034 1111 uou
1064 1047 1165 1112 deerit
1192 1066 1250 1112 suo
1274 1046 1372 1111 militi
1399 1068 1412 1107 a

217 1156 417 1240 praesidium
445 1153 547 1225 ducis.
578 1156 611 1219 et
637 1156 756 1236 quanto
780 1153 922 1219 hostium
945 1154 1203 1236 multiplicantur
1224 1154 1370 1231 insidiae,

220 1265 346 1326 tantum
365 1261 483 1326 summi
501 1260 605 1345 gratia
622 1260 754 1325 rectoris
774 1260 974 1326 aduersantis
996 1280 1117 1325 nenena
1134 1261 1371 1326 misericordiae

223 1388 301 1434 suae
332 1368 411 1432 lacit
443 1385 513 1432 esse
545 1367 721 1446 materiam,
755 1368 841 1433 sicut
869 1387 971 1433 sermo
1001 1368 1195 1451 apostolicae
1223 1368 1371 1433 ueritatis

222 1475 361 1539 asseruit
384 1474 509 1539 dicens:
534 1474 603 1538 ubi
627 1474 856 1539 abundauit
877 1475 1099 1558 iniquitas,
1125 1476 1370 1559 superabun-
1504 1558 1505 1561 Ἴ

222 1582 338 1645 dauit
369 1581 522 1665 gratia3
547 1584 585 1645 tu
616 1584 742 1645 tautum
776 1582 893 1647 diuinis
925 1582 1177 1666 rectissimisque
1206 1582 1369 1647 inhaereas
1394 1609 1419 1647 rc
1504 1566 1505 1575 ἵ

220 1687 378 1752 institutis
398 1687 648 1753 eeclesiasticam
666 1688 804 1753 fouendo
825 1689 1034 1767 concordiam,
1053 1691 1091 1753 ut
1109 1690 1212 1754 ueluti
1231 1688 1370 1772 quodam

220 1795 371 1879 pacificae
407 1793 586 1860 uoluntatis
624 1794 770 1877 signatus
807 1796 924 1861 iudicio
960 1795 1049 1860 illius
1087 1814 1158 1861 esse
1190 1795 1370 1879 discipulus

222 1902 414 1984 adproberis,
448 1902 504 1983 qui
540 1901 602 1966 ait:
639 1920 778 1983 pacem
816 1920 939 1967 meam
977 1902 1022 1967 do
1058 1903 1195 1979 uobis,
1231 1922 1369 1986 pacem

191 2014 344 2079 8meam
372 2007 563 2090 relinquo
591 2007 722 2073 uobis.
751 2008 878 2073 hortare
908 2008 1004 2073 etiam
1032 2027 1226 2092 quamquam
1255 2011 1370 2091 sponte
1504 2074 1505 2077 ,

222 2117 262 2181 ad
283 2118 372 2180 recta
393 2114 574 2179 tendentem
599 2114 700 2178 filium
724 2117 869 2180 nostrum
888 2115 1174 2180 clementissimum
1192 2116 1370 2199 principem
1393 2141 1417 2179 s
1504 2152 1505 2159 κ

220 2221 381 2285 lustinum
396 2220 575 2286 Christiano
595 2221 723 2285 saeculo
744 2222 898 2286 diuinitus
919 2224 1135 2304 comparatum
1155 2241 1191 2285 ea
1208 2220 1371 2304 perficere,
1504 2206 1505 2223 ³

222 2347 302 2411 quae
325 2327 488 2411 regalibus
511 2327 629 2392 litteris
654 2328 804 2412 diguatus
830 2332 880 2393 est
898 2328 1053 2411 polliceri,
1073 2330 1111 2391 ut
1127 2326 1235 2392 missis
1255 2327 1296 2391 ad
1314 2346 1371 2393 ees

222 2434 347 2511 edictis,
372 2454 453 2518 quos
477 2434 515 2499 ab
541 2434 693 2500 ecelesiae
716 2436 828 2500 matris
852 2435 1004 2501 uberibus
1029 2435 1230 2501 etiamnunc
1254 2434 1372 2500 deuius

222 2561 306 2606 error
330 2541 468 2616 abducit,
499 2541 689 2606 diabolicam
711 2543 855 2606 fraudem
880 2545 912 2606 et
935 2541 1124 2607 anctoritate
1147 2542 1313 2626 religionis
1339 2545 1374 2607 et
1504 2621 1505 2624 Ἴ

221 2648 384 2714 moderata
414 2651 574 2732 potestate
610 2651 792 2733 compescat
828 2649 954 2732 imperii
992 2667 1123 2730 eamque
1161 2648 1222 2712 sibi
1260 2652 1373 2712 contra
1391 2675 1417 2714 se

223 2774 423 2820 communem
452 2757 552 2820 totius
581 2756 789 2820 humanitatis
818 2755 943 2821 hostem
972 2756 1140 2820 maximam
1169 2755 1266 2818 ducat
1299 2773 1372 2818 esse
1504 2739 1505 2748 ¹

221 2861 400 2939 uictoriam,
438 2861 465 2925 si
503 2880 656 2945 supernae
694 2862 809 2926 auxilio
843 2861 1024 2926 diuinitatis
1056 2860 1180 2925 uetusti
1213 2861 1372 2941 serpentis

191 2966 342 3032 9ueuena
356 2968 588 3051 compresserit.
605 2967 643 3031 de
658 2966 874 3033 Antiochense
887 2987 1013 3051 quoque
1027 2971 1122 3049 atque
1140 2966 1373 3031 Alexandrinae

223 3075 429 3139 ecclesiarum
452 3077 538 3140 statu
558 3093 619 3138 non
639 3073 847 3156 supersedeas
868 3093 939 3138 esse
959 3074 1118 3140 sollicitus
1139 3076 1172 3138 et
1189 3073 1372 3138 clementis·
1504 3153 1505 3160 ἵ

222 3180 303 3244 simo
336 3179 471 3244 subinde
503 3180 638 3263 principi
670 3181 861 3264 supplicato,
894 3184 932 3245 ut
963 3181 993 3244 in
1024 3179 1073 3244 his
1102 3199 1229 3262 quoque
1256 3198 1373 3260 pacem
1391 3207 1418 3248 π

221 3286 371 3370 religiosa
399 3285 595 3352 ordinatione
623 3286 783 3364 restituat,
813 3289 970 3370 quatenus
993 3287 1086 3352 bonis
1111 3285 1232 3368 coeptis
1256 3287 1372 3369 plenae
1504 3281 1505 3298 ¹

222 3394 388 3458 cumulum
419 3393 623 3474 perfectionis
657 3394 819 3478 adiungat.
853 3394 972 3459 frustra
1009 3394 1093 3458 enim
1130 3393 1249 3456 bonum
1288 3411 1371 3474 opus

170 3499 549 3582 10incipitur,sinouiu
569 3503 674 3566 totum
692 3501 844 3584 perfectio
865 3502 1087 3584 subsequatur.
1108 3499 1373 3565 commendamus

222 3610 383 3688 praeterea
405 3607 530 3691 legates
554 3627 572 3670 a
595 3607 670 3672 sede
694 3608 871 3691 apostolica
894 3608 1080 3684 destinatos,
1106 3625 1185 3690 quos
1208 3606 1255 3670 ite
1272 3606 1374 3670 faeiat

310 3850 327 3902 9
346 3849 422 3903 Rom.
442 3851 468 3915 5,
486 3851 522 3905 20
578 3852 611 3906 13
629 3851 688 3905 Ioh.
709 3852 751 3915 14,
771 3853 805 3905 27

258 3973 313 4025 2et
322 3971 443 4026 reflantis
461 3974 573 4042 amirei:
587 3974 725 4028 ereflautis
740 3972 771 4037 V,
783 3974 922 4044 perflantis
933 3973 960 4026 ο2
994 3974 1198 4048 ⁴ipraepouitur
1212 3972 1244 4036 V,
1260 3989 1331 4029 corr.
1345 3954 1375 4026 0²

223 4060 335 4113 Vtanto
354 4061 418 4116 edit.
436 4078 488 4130 rep.
562 4065 579 4116 9
602 4062 855 4132 superhabundauit
880 4062 903 4114 V
973 4063 1006 4116 10
1029 4065 1088 4128 (et)
1112 4063 1202 4132 gratia
1224 4062 1288 4118 Gor.
1309 4079 1374 4118 cum

226 4147 349 4217 Vulpcto
367 4149 533 4204 anni1590
575 4152 608 4205 12
627 4152 724 4222 sigua?
737 4151 769 4216 V,
793 4168 861 4206 corr.
886 4149 913 4222 p²
968 4150 1162 4222 disseiplusV
1198 4151 1230 4205 19
1250 4153 1373 4206 auctori·

221 4240 307 4290 tatem
331 4237 364 4304 V,
382 4253 452 4293 cerr.
470 4237 498 4288 ο2
544 4239 578 4293 20
597 4255 684 4308 eaque
707 4239 738 4303 V,
757 4255 826 4295 corr.
846 4238 874 4290 ο2
918 4240 951 4294 21
972 4241 1187 4294 communionem
1206 4238 1238 4304 V,
1258 4255 1327 4296 corr.
1345 4241 1375 4293 0²

223 4328 309 4380 ostem
334 4326 360 4380 V
446 4328 481 4381 25
500 4328 629 4398 principis
652 4327 684 4392 V,
703 4344 774 4383 corr.
795 4327 836 4399 pl:
853 4329 974 4398 principe
993 4327 1020 4380 ο2
1122 4345 1189 4398 pace
1213 4328 1244 4394 V,
1264 4345 1373 4404 coam
