3025 4975
492 435 580 505 Epist.
600 434 644 490 CC
663 436 680 489 4
699 466 733 475 -
753 434 826 490 CCII
844 437 869 490 3.
1196 436 1259 501 661

131 632 251 711 curauit,
275 652 354 698 aeuo
377 632 470 698 uobis
494 652 550 715 per
571 633 716 716 longiora
737 635 882 715 tempora
904 628 1085 715 propagato
1101 630 1259 694 unitatem

132 740 269 805 ecclesiae
306 740 462 805 redditam
501 759 538 805 er
573 741 658 805 omui
692 758 817 823 quoque
854 738 951 803 faciat
981 740 1069 822 parte
1102 756 1256 802 securam.

132 846 203 909 Data
223 846 295 909 llll.
318 846 392 913 Kal.
416 845 588 912 Nouembr.
612 846 758 911 Rusticio
783 864 869 911 cons.

635 1039 743 1124 (2⁰2)

107 1188 117 1226 n
167 1182 318 1229 incursus
348 1184 475 1231 1usr1no
507 1183 661 1231 nunusuo.
730 1164 886 1231 Gloriosis
921 1164 1105 1229 clementiae
1133 1166 1259 1229 uestrae

131 1270 275 1335 laboribus
291 1270 526 1335 ecclesiasticae
545 1271 648 1353 prima
666 1270 851 1335 concordiae
871 1274 903 1335 et
922 1270 1006 1334 orbis
1025 1268 1131 1351 pacati
1150 1269 1261 1334 uotiua

130 1376 329 1458 tranquillitas
353 1376 493 1459 generali
515 1376 747 1459 praedicatione
770 1376 970 1459 respondent,
991 1394 1140 1458 quaeres
1160 1376 1260 1440 nostri

130 1501 243 1562 parcum
257 1482 415 1556 red<d>it
430 1502 466 1547 nc
481 1484 598 1548 retinet
612 1485 651 1547 ad
666 1483 803 1567 agendas
815 1484 931 1567 gratias
944 1482 1096 1547 sermonis
1108 1481 1258 1547 officium.

130 1588 330 1667 imitamen,
351 1590 435 1671 quod
457 1610 509 1675 pro
532 1591 623 1656 uobis
642 1591 856 1657 indesinenter
875 1590 1001 1655 domino
1021 1592 1128 1654 nostro
1148 1607 1257 1670 preces

98 1720 116 1758 n
131 1696 317 1771 effundimus,
340 1716 402 1762 non
426 1700 586 1763 tacemus:
612 1699 687 1783 quia
708 1699 740 1762 in
764 1698 851 1762 uotis
874 1696 1017 1761 infinitus
1041 1696 1173 1760 affectus
1197 1698 1256 1771 est,

128 1801 239 1867 finitum
271 1824 342 1869 esse
374 1807 483 1887 potest
513 1804 545 1869 in
577 1805 811 1887 praedicatione
839 1804 1004 1870 iudicium.
1034 1822 1146 1867 uerum
1174 1800 1302 1866 intera

127 1907 193 1973 laec
205 1910 332 1992 pietatis
351 1914 478 1977 uestrae
496 1912 649 1977 beneficia
667 1930 730 1975 una
748 1931 815 1989 nos,
836 1930 916 1995 quae
936 1911 1031 1975 etiam
1052 1910 1256 1975 uehementer

129 2016 231 2092 affecit,
266 2036 341 2081 cura
377 2036 438 2081 non
475 2015 602 2094 deserit,
642 2017 727 2099 quod
764 2017 890 2081 Heliam
931 2016 1119 2081 Tlromatem
1160 2018 1255 2097 atque

128 2120 331 2187 Nicostratum
358 2123 473 2187 fratres
502 2127 533 2187 et
561 2124 767 2207 coepiscopos
791 2142 889 2199 meos,
914 2122 968 2207 qui
992 2122 1084 2205 primi
1108 2122 1256 2187 ecclesia·

96 2229 231 2293 usticam
256 2230 372 2294 festina
402 2230 505 2295 secuti
533 2234 609 2295 sunt
636 2230 805 2295 deuotione
830 2230 1040 2307 concordiam,
1066 2248 1126 2293 uon
1151 2230 1253 2295 solum

128 2336 225 2419 magni
253 2337 425 2403 lmstratur
454 2339 562 2419 palma
590 2338 738 2421 principii
765 2356 877 2402 uerum
907 2338 1003 2401 etiarn
1028 2336 1104 2401 muli
1126 2336 1256 2401 miseria

129 2442 283 2509 comitatur
315 2444 462 2528 exempli.
494 2464 589 2530 quare
623 2444 824 2512 clementiam
857 2447 998 2510 nestram
1029 2444 1126 2510 mixto
1160 2443 1300 2509 etiam3

128 2550 260 2628 precibus
282 2551 360 2616 fletu
385 2552 599 2634 deposcimus.
622 2573 661 2618 ne
685 2553 801 2636 gaudia
823 2556 940 2630 nostra,
966 2570 1046 2636 quae
1066 2551 1104 2616 de
1122 2549 1255 2616 haereti·

128 2673 224 2720 corum
258 2658 375 2722 cotidie
412 2660 617 2725 conuersione
654 2659 836 2744 praestatis,
873 2661 1088 2742 praelatorum
1120 2657 1255 2722 abiectio

94 2761 308 2828 sintoleranda
336 2767 513 2843 conturbet,
543 2767 618 2848 quia
645 2786 705 2831 nou
734 2767 803 2832 sola
834 2784 1038 2850 personarum
1069 2783 1125 2829 nos
1160 2783 1257 2829 eausa

128 2868 276 2948 sollicitat,
305 2872 423 2954 quibus
452 2876 485 2937 et
510 2875 584 2938 boni
612 2874 689 2938 iacti
718 2874 814 2938 simul
844 2873 989 2938 sufficere
1018 2871 1119 2957 gloria
1146 2873 1257 2954 posset

128 2979 155 3037 et
172 2979 282 3056 meriti,
307 2979 364 3043 sed
389 2979 474 3064 quod
497 2980 728 3046 uenerabilium
748 2981 923 3047 constituta
942 2999 1097 3046 canonum
1117 2982 1255 3043 oontem-

127 3087 228 3147 nuntur
254 3089 286 3150 et
310 3085 395 3167 quod
417 3106 478 3151 non
502 3107 634 3170 paruam
658 3107 766 3153 eorum
791 3088 926 3152 abiectio
951 3085 1145 3169 apostolicae
1169 3085 1253 3150 sedis

126 3189 215 3272 tangit
238 3191 405 3256 iniuriam:
434 3211 472 3256 ne
500 3193 743 3260 christianitatis
772 3197 900 3260 uestrae
929 3194 1104 3271 sinceritas,
1133 3212 1196 3275 qua
1223 3195 1255 3256 et

91 3311 261 3378 onagrum
284 3299 496 3380 patrocinium
519 3301 681 3366 ueteribus
706 3302 890 3367 constitutis
914 3299 1098 3384 impenditis
1118 3304 1151 3364 et
1169 3297 1253 3363 sedis

126 3405 301 3478 apostolicae
329 3405 544 3490 principatum
571 3411 643 3472 acta
670 3408 796 3474 nouiter
823 3408 1024 3473 ueneratione
1054 3405 1195 3484 sarrcitis
1219 3403 1251 3467 in

125 3523 178 3572 uuo
197 3510 447 3594 inexplicabilem
470 3515 629 3598 relinquat
651 3516 787 3598 posteris
812 3515 940 3600 negotio
965 3513 1193 3597 quaestionem.

152 3697 272 3756 toccum
295 3702 327 3767 V,
346 3719 448 3758 corno
502 3705 695 3762 dnouenirl'

151 3785 209 3844 lor.
263 3791 332 3848 Dat.
352 3793 448 3857 (simul
465 3810 526 3848 carn
544 3811 603 3863 epp.
623 3799 680 3849 189
698 3800 754 3850 190
772 3801 833 3852 203
851 3803 913 3853 207
930 3801 984 3852 210
1002 3802 1067 3866 211)
1088 3817 1113 3854 a.
1138 3803 1191 3854 519
1210 3801 1254 3856 dia

123 3874 216 3945 asopo.
230 3898 282 3948 per
298 3881 455 3952 Eselopr'um.
546 3886 620 3940 an.
644 3886 707 3940 Car.
725 3887 757 3940 1²
778 3891 846 3954 510;
868 3889 974 3943 Collect.
998 3889 1116 3957 conciz.,·
1134 3890 1217 3944 BTA
1235 3892 1256 3944 I

125 3964 189 4031 4335
213 3967 291 4022 unser
315 3973 391 4036 8895
413 3979 603 4027 comtemneret
627 3975 697 4028 Bar.
723 3976 764 4029 ad
787 3993 814 4028 α.
840 3979 901 4038 519,
925 3980 987 4032 134.
1069 3979 1191 4048 dprima
1215 3981 1253 4034 V:

123 4051 200 4116 palma
217 4057 277 4110 edit.
296 4075 349 4128 rep.
435 4059 543 4115 8redit
566 4061 598 4121 V.
617 4045 719 4117 corae
795 4065 827 4117 13
847 4063 932 4118 afficit
954 4063 1016 4120 Cor.
1087 4067 1119 4120 19
1139 4083 1251 4122 conuer-

28 4135 33 4153 '
123 4143 214 4198 satione
236 4147 267 4213 V,
285 4163 354 4202 corr.
376 4148 440 4202 Gar.
496 4153 531 4206 20
549 4150 730 4206 intollerands
753 4152 778 4204 V
