3025 4975
456 448 543 519 Epist,
563 448 666 504 canu
684 448 701 503 a
720 477 753 489 »-
774 448 858 504 cnm
876 450 900 505 a.
1190 452 1254 518 603

122 647 209 711 maior
247 645 389 709 animum
430 647 575 709 nostrum
612 646 719 725 potest
743 644 883 709 obtinere
906 644 1136 717 iu<cun>ditas
1160 652 1299 729 quam2

121 752 264 817 malorum
287 755 534 817 commemorata
561 750 730 833 depulsio?
764 750 890 835 gaudiis
917 752 1138 833 praesentibus
1171 770 1255 817 oom-

120 861 236 942 pensate
261 856 441 923 afflictionis
464 858 674 935 incommoda,
699 856 775 940 quia
797 857 876 922 deus
900 862 1016 936 noster,
1039 858 1094 941 qui
1115 858 1254 923 remedio

120 966 181 1044 init,
203 964 347 1030 aduersis
380 964 516 1049 opprimi
548 964 713 1030 caritatem
744 968 887 1031 uestram
909 964 1013 1030 noluit
1035 965 1092 1029 sod
1119 965 1255 1049 probari.

98 1092 183 1136 anam
209 1074 237 1137 si
265 1072 419 1137 transacti
446 1072 600 1154 temporis
628 1072 712 1136 mala
740 1089 813 1136 cum
842 1070 1010 1155 praesenti,
1040 1088 1120 1153 quae
1148 1069 1256 1136 diuina

121 1198 181 1243 esse
210 1198 272 1245 non
306 1178 489 1263 ambigitur,
522 1178 730 1243 retributione
763 1176 988 1261 compensatio,
1022 1178 1093 1260 quis
1131 1177 1257 1243 dubitat

121 1286 261 1368 ampliora
298 1304 357 1350 uos
395 1285 535 1369 praemia
572 1288 769 1362 consecutos,
809 1304 904 1368 quam
942 1302 1055 1349 nocere
1096 1285 1256 1369 potuisset

121 1392 310 1458 aduersitas?
371 1396 403 1457 et
425 1391 571 1473 quamuis
593 1410 650 1474 pro
675 1394 763 1455 statu
785 1390 861 1455 fidei
885 1390 1060 1456 catholicae
1083 1409 1256 1473 numquam
1280 1388 1299 1453 3

122 1499 291 1565 sollicitudo
310 1501 419 1564 nostra
437 1500 622 1574 oessauon't,
646 1500 753 1563 tamen
773 1498 967 1563 serenissimi
986 1497 1137 1581 principis
1157 1500 1254 1563 eacus

92 1607 257 1672 somatibus
280 1606 407 1672 incitati
434 1607 558 1691 legatos
583 1605 741 1670 destinare
770 1606 963 1682 curauimus,
988 1624 1122 1689 quorum
1152 1606 1254 1671 officio

123 1712 171 1777 leo
201 1718 327 1779 auctore
355 1714 388 1778 in
416 1713 477 1791 his,
510 1732 590 1797 quae
618 1730 712 1795 saepe
743 1712 976 1789 mandauimus‚
1010 1712 1163 1795 subsequi
1194 1730 1255 1777 non

124 1818 291 1885 dubitamus
307 1820 466 1886 effectum.
522 1822 555 1885 et
572 1818 644 1884 ideo
664 1822 881 1902 competenter
899 1820 1027 1896 enitere,
1047 1822 1083 1883 ut
1103 1818 1255 1883 ecclesiae
1279 1826 1299 1887 4

125 1926 283 1993 catholicae
307 1928 370 1993 hoc
392 1926 599 2010 praecipuum
622 1929 748 1991 uestrae
772 1925 969 1991 liberationis
987 1944 1104 1990 munus
1122 1926 1254 2007 possitis

125 2031 229 2111 offerre,
252 2036 410 2115 quatenus
433 2031 571 2114 repulsis
598 2032 754 2109 omnibus,
779 2051 858 2114 quae
888 2032 1041 2097 hactenus
1069 2034 1254 2109 nocuerunt,

93 2138 149 2201 aio
169 2158 226 2202 una
249 2158 343 2222 quam
368 2158 495 2222 semper
517 2139 700 2221 optauimus
724 2138 945 2203 communione
975 2138 1170 2222 gratulantes
1196 2138 1253 2203 deo

125 2248 217 2309 nostro
238 2246 349 2311 laudes
372 2246 488 2311 referre
512 2246 579 2310 sine
604 2245 782 2311 cessatione
804 2244 977 2326 possimus

627 2438 735 2524 (rac.)

160 2581 307 2628 nomnen
339 2583 491 2628 summan
523 2582 700 2630 accusans.
729 2563 945 2628 Ecclesiarum
964 2582 1024 2648 pax
1042 2563 1105 2628 iam
1126 2563 1255 2630 caelesti

126 2668 304 2734 ordinatione
337 2671 548 2753 componitur,
582 2689 653 2734 cunr
686 2689 746 2735 uos
775 2669 815 2734 ad
842 2669 1009 2752 imperium
1039 2669 1117 2736 deus
1146 2669 1254 2754 elegit,

94 2775 197 2855 capud
226 2796 304 2859 quos
338 2795 411 2842 esee
443 2776 603 2862 integrum
636 2796 761 2858 semper
791 2776 955 2860 religionis
993 2795 1069 2842 suae
1103 2777 1256 2862 cognouit

124 2880 266 2948 allectum.
289 2903 364 2948 nam
389 2882 474 2948 sicut
496 2884 527 2948 in
552 2883 677 2967 priuata
700 2883 769 2948 uita
797 2881 891 2948 deum
915 2901 1041 2966 semper
1063 2886 1149 2950 recto
1179 2883 1255 2966 dog·

123 2990 195 3052 mate
220 2989 377 3067 coluistis,
401 2992 439 3055 ut
466 2990 504 3054 do
532 2990 695 3075 religionis
725 2989 892 3056 concordia
915 2990 1074 3074 cogitetis
1094 2993 1127 3054 et
1154 2989 1256 3054 multa

123 3092 236 3172 quidem
263 3095 347 3161 inter
372 3096 444 3180 ipsa
470 3095 596 3180 imperii
619 3096 721 3161 uestri
748 3095 920 3180 primordia
946 3096 1033 3162 facta
1060 3097 1145 3174 sunt,
1175 3115 1254 3178 quae

124 3215 200 3279 spem
226 3201 317 3266 nobis
346 3201 550 3267 correctionis
577 3203 719 3286 integrae
747 3201 949 3285 pollicentur.
997 3201 1091 3281 unde,
1121 3201 1196 3286 quia
1223 3202 1299 3270 1112

89 3327 109 3368 ss
122 3305 203 3371 uobis
229 3327 369 3374 amorem
397 3309 519 3373 feruere
546 3307 620 3373 fidei
648 3309 856 3393 gratulamur,
885 3311 1017 3394 agentes
1046 3308 1104 3375 deo
1138 3310 1254 3392 gratias

124 3411 224 3478 cotidie
246 3434 303 3497 pro
326 3414 421 3480 uobis
445 3415 538 3481 beato
561 3415 656 3480 Petro
680 3415 826 3496 apostolo
850 3415 1081 3498 supplicamus,
1110 3419 1147 3480 ut
1169 3415 1255 3480 uotis

122 3519 225 3584 uestris
248 3520 334 3605 apud
357 3519 522 3587 dominum
541 3521 734 3605 suffragetur
756 3524 790 3586 et
812 3540 941 3586 cursum
960 3522 1060 3587 bonae
1078 3521 1255 3588 uoluntatis

123 3622 288 3709 adimpleat.
313 3646 373 3694 nec
396 3627 529 3693 dubium
553 3631 603 3692 est
625 3627 743 3693 diuinis
767 3647 826 3693 uos
851 3627 977 3693 auxiliis
1002 3627 1156 3707 adiuuari,
1182 3627 1256 3710 quia

122 3731 199 3798 tauto
229 3735 394 3819 religionis
426 3733 533 3799 studio
566 3733 724 3800 mandatis
757 3734 951 3799 caelestibus
984 3733 1151 3798 oboeditis.
1180 3733 1298 3802 1111113

154 3923 332 3994 lnestrnmpi
385 3924 488 3979 inditas
508 3925 621 3990 V,corr.
637 3924 664 3977 ο2
700 3927 850 3980 lcaritate
868 3925 899 3989 V,
919 3941 1017 3980 corruo
1057 3925 1089 3978 12
1105 3925 1202 3978 effectu
1222 3923 1254 3990 V,

122 4025 212 4066 como
266 4014 300 4068 14
319 4017 431 4068 actenus
453 4013 481 4064 V

154 4101 215 4158 111.
249 4102 318 4157 Dat.
332 4108 365 4156 ut
378 4119 418 4172 ep.
435 4105 499 4157 148.
545 4103 619 4158 Edu.
633 4102 901 4166 Oar.1²485,·Bar.
913 4103 988 4158 ada.
1002 4105 1062 4164 519,
1078 4103 1114 4154 15
1119 4121 1129 4168 ;
1144 4101 1253 4156 Collect.

125 4186 230 4258 Cordi,
245 4191 327 4245 BTA
340 4192 362 4245 I
374 4194 442 4258 414,-
460 4191 540 4246 Tbicl
553 4196 622 4247 844.
659 4193 695 4246 22
709 4196 757 4245 ut.
769 4236 775 4248 .
787 4192 914 4261 cogitetis
934 4191 970 4244 V:
984 4191 1040 4247 ita.
1055 4191 1201 4259 ,cogitatis
1214 4189 1251 4254 o²;

119 4274 228 4339 fartam
244 4287 310 4336 unte
327 4284 360 4335 ut
378 4281 476 4351 obque
494 4282 654 4336 excidemur
664 4281 742 4337 uelut
756 4298 787 4334 eo
802 4280 953 4334 indicantes
969 4279 1097 4347 (Hartel)
1111 4279 1156 4333 uel
1170 4279 1210 4334 ita
1225 4296 1254 4334 ex

124 4379 170 4431 quo
187 4367 218 4422 ad
233 4369 373 4440 imperiale
392 4369 498 4424 eulmen
516 4370 680 4440 peruenistis
699 4385 805 4439 semper
822 4368 852 4424 id
870 4369 952 4438 agitis
1006 4369 1041 4423 24
1059 4369 1166 4437 integre
1185 4367 1211 4421 W
