3025 4975
218 382 283 445 620
529 376 676 446 Suggeetio
694 376 819 431 Dioscori
838 374 873 429 ed
891 374 1062 430 Hormisdam

217 573 370 658 episcopi,
395 573 450 657 qui
473 573 588 637 adsunt
609 591 665 655 pro
689 590 824 654 persone
848 570 1190 655 Constantinopolitani
1214 570 1367 654 episcopi,

218 682 246 747 si
290 681 383 760 haec,
431 698 511 763 quae
556 680 588 743 in
629 679 736 744 libello
783 679 948 762 leguntur,
991 678 1092 761 gestis
1141 678 1368 743 ecclesiasticis

188 783 349 854 9minime
379 786 610 853 continentur?
638 785 869 868 responderunt
902 784 1006 849 omnia
1039 805 1114 851 uera
1146 803 1227 852 esse.
1295 788 1370 866 post

220 915 300 979 quae
328 914 385 960 nos
415 892 656 959 subiunximus:
683 892 808 957 ‘domne
835 892 1016 974 imperator.
1046 895 1079 956 et
1101 892 1194 957 uobis
1218 892 1369 976 grandem

218 1002 359 1068 laborem
378 1000 519 1084 episcopi
540 1000 742 1064 abstulerunt
760 1000 793 1062 et
811 998 873 1063 sibi
888 998 1128 1064 conuenientem
1144 1018 1210 1063 rem
1224 998 1369 1063 fecerunt
1398 1019 1414 1057 e

220 1110 324 1173 dicere
356 1107 545 1174 nentatem'.
582 1125 654 1170 mor
694 1105 965 1169 clementissimus
1004 1106 1174 1188 imperator
1210 1105 1271 1183 his,
1314 1104 1369 1187 qui

220 1216 360 1292 aderant,
389 1213 469 1277 dixit
491 1212 666 1295 episcopis:
692 1214 736 1277 ‘et
758 1212 786 1277 si
811 1231 887 1277 uera
910 1214 995 1290 sunt,
1020 1232 1116 1295 quare
1140 1232 1202 1277 non
1225 1212 1370 1277 facitis?

220 1322 369 1386 similiter
391 1323 425 1384 et
447 1320 601 1402 aliquanti
626 1318 665 1383 de
689 1318 798 1383 ordine
822 1319 980 1384 senatorio
1005 1319 1168 1383 dixerunt:
1197 1321 1265 1383 ‘nos
1294 1318 1370 1383 laici

220 1446 343 1493 sumus.
383 1426 490 1492 dicitis
531 1427 608 1491 haec
645 1445 721 1490 uera
759 1444 845 1491 esse:
883 1424 989 1501 facite,
1027 1430 1060 1489 et
1096 1446 1153 1491 nos
1183 1426 1369 1508 sequimur’.

169 1533 401 1603 lOintermissa
439 1536 550 1615 quarta
590 1532 670 1597 feria
711 1532 881 1614 episcopus
924 1530 1295 1614 constantinopolitanus
1337 1532 1369 1597 in
1388 1552 1413 1589 ro

219 1640 339 1723 palatio
371 1639 574 1723 consuscepit
597 1658 616 1703 e
638 1640 730 1703 nobis
754 1639 901 1705 libellum
927 1642 959 1703 et
982 1638 1126 1722 inprimis
1151 1638 1242 1721 quasi
1264 1642 1370 1721 temp·

221 1746 305 1812 teuit
333 1746 503 1829 epistolam
531 1745 639 1829 potius
668 1743 772 1810 facere
801 1764 894 1827 quam
924 1745 1081 1811 libellum.
1111 1746 1167 1810 sed
1199 1765 1261 1809 non
1295 1749 1371 1829 post

220 1854 324 1919 multa
346 1852 518 1917 certamina
540 1853 601 1916 hoc
625 1851 788 1927 conuenit,
812 1852 1009 1935 prooemium
1032 1853 1194 1917 modicum
1213 1852 1317 1917 fecere
1338 1856 1371 1915 et

222 1958 412 2042 subiungere
448 1978 521 2023 mox
557 1956 713 2035 libellum,
749 1956 1019 2040 quemadmodum
1055 1961 1162 2022 uestra
1202 1956 1369 2021 beatitudo

222 2064 366 2129 dictauit.
400 2063 593 2148 subscriptio
626 2064 664 2127 ab
698 2062 809 2128 eodem
838 2062 922 2129 facta
951 2067 1001 2128 est
1027 2064 1135 2128 libello
1165 2064 1369 2141 conueniens,
1389 2088 1414 2123 n

222 2170 370 2235 similiter
402 2173 435 2234 et
466 2170 634 2247 datarium,
669 2170 761 2235 cuius
795 2170 984 2253 exemplaria
1012 2175 1044 2234 et
1071 2190 1182 2255 graece
1211 2174 1243 2234 et
1269 2170 1370 2235 latine

171 2277 417 2361 llapostolatui
445 2280 552 2343 uestro
582 2278 764 2342 direximus.
833 2282 908 2360 post
934 2278 1055 2343 factum
1083 2277 1229 2343 libellum
1254 2296 1370 2341 nomen

222 2384 331 2449 Aeacii
355 2384 393 2448 de
418 2383 577 2466 diptychis
602 2388 652 2449 est
675 2384 827 2463 deletum,
848 2384 996 2449 similiter
1015 2388 1047 2450 et
1065 2384 1220 2460 Placitae,
1239 2383 1370 2463 Eufinri,

222 2491 401 2556 Macedonii
421 2493 454 2555 et
471 2491 641 2568 Timothei,
662 2496 694 2556 et
712 2511 773 2556 nou
793 2492 898 2556 solum
917 2494 977 2558 hoc
996 2493 1117 2575 inipso
1136 2492 1203 2558 sole
1222 2491 1370 2568 ecclesia,

222 2597 255 2661 iu
284 2616 345 2680 qua
373 2598 542 2681 episcopus
571 2603 688 2676 manet,
716 2618 828 2662 uerum
859 2599 954 2662 etiam
987 2619 1043 2682 per
1075 2618 1183 2664 omnes
1216 2598 1370 2662 ecelesias
1388 2619 1414 2658 ro

223 2723 296 2768 cum
320 2703 431 2788 grandi
454 2703 620 2788 diligentia
643 2705 701 2769 deo
727 2705 869 2770 adiutore
894 2706 1097 2789 suggerimus
1116 2705 1216 2770 fuisse
1235 2705 1370 2771 factum.

223 2809 372 2874 similiter
395 2809 500 2875 deleta
518 2814 593 2875 sunt
611 2811 649 2874 de
669 2811 828 2894 diptychis
849 2813 981 2876 Zenonis
1001 2817 1033 2877 et
1051 2813 1211 2876 Anastasii
1231 2813 1370 2876 nomina.

172 2916 365 2999 12episcopi
389 2917 588 2982 diuersarum
611 2918 790 2996 ciuitatum,
817 2921 925 3000 quanti
953 2919 1075 2984 inuenti
1105 2925 1194 2998 sunt,
1221 2917 1370 2984 libellum

224 3022 371 3087 similiter
411 3024 594 3088 obtulerunt
639 3028 672 3088 et
717 3043 791 3090 cum
838 3025 948 3109 grandi
995 3028 1120 3091 cautela
1166 3023 1371 3109 suggerimus

224 3129 432 3207 custoditum,
461 3149 500 3194 ne
530 3133 601 3212 quis
629 3132 797 3196 nobiseum
826 3133 1074 3196 communicaret
1103 3133 1283 3216 episcopus,
1315 3131 1371 3214 qui
1389 3153 1416 3192 rs

222 3236 369 3300 libellum
396 3236 544 3318 primitus
572 3258 634 3302 non
663 3237 814 3304 dedisset.
842 3239 910 3320 pari
939 3239 1032 3304 modo
1062 3241 1095 3302 et
1126 3258 1235 3304 omnes
1268 3239 1373 3303 erchi-

223 3342 396 3407 mandritae
428 3343 581 3408 fecerunt.
615 3345 699 3426 apud
732 3364 810 3426 quos
844 3345 1103 3410 archimandritas
1138 3350 1169 3410 et
1197 3347 1373 3410 certamina

223 3469 280 3514 nos
303 3449 454 3514 habuisse
479 3452 682 3534 suggerimus
706 3450 886 3516 dicentibus
909 3451 989 3516 illis:
1016 3453 1156 3528 ‘sufficit
1176 3452 1250 3534 quia
1269 3453 1372 3518 archi·

223 3555 393 3638 episcopus
433 3559 541 3622 noster
575 3558 669 3632 fecit;
707 3577 764 3622 nos
802 3559 922 3622 factum
962 3559 1030 3623 eius
1069 3559 1252 3641 sequimur’.
1292 3560 1372 3642 quid

224 3661 384 3744 amplius?
411 3667 486 3745 post
513 3664 614 3728 multa
644 3664 816 3728 certamina
843 3665 906 3748 ipsi
934 3683 1060 3748 quoque
1083 3666 1203 3730 ratione
1228 3667 1372 3731 conuicti
1388 3690 1415 3729 ee

172 3763 349 3834 l3libellos
384 3770 487 3835 modis
525 3771 673 3836 omnibus
712 3771 905 3839 obtulerunt.
974 3775 1049 3854 post
1085 3773 1162 3837 haec
1200 3773 1306 3838 omnia
1339 3774 1371 3838 in

259 3935 522 3991 3oontenenturV
575 3937 654 3991 dhis
673 3955 700 3990 o:
720 3939 743 3991 is
768 3937 795 3991 V
840 3939 1020 4007 9scquemor
1042 3938 1105 3992 Gar.
1162 3938 1195 3992 10
1213 3909 1371 3992 intermisse

223 4039 266 4077 1111
283 4009 309 4076 f}
330 4023 358 4077 V
404 4026 436 4078 13
455 4027 605 4095 praemium
628 4025 661 4082 V.
681 4043 751 4080 corr.
772 4024 799 4077 0²
849 4027 882 4080 18
902 4025 954 4079 ded
973 4026 1129 4096 gypeiisV
1180 4027 1316 4081 delectum
1337 4025 1370 4090 V,

224 4127 326 4166 corae
397 4111 545 4166 Phrauitae
567 4113 631 4167 Gar.
687 4115 720 4167 19
738 4113 958 4169 MachedoniiV
1011 4115 1045 4168 21
1065 4113 1216 4184 grendeV
1269 4115 1303 4168 22
1323 4114 1370 4168 de-

222 4197 280 4252 lata
304 4200 334 4258 V,
353 4214 423 4254 cerr.
442 4217 457 4248 o
529 4199 563 4253 de
582 4200 680 4271 gipciie
701 4201 731 4266 V,
750 4217 820 4258 corr.
839 4199 866 4252 0²
920 4203 954 4254 24
974 4201 1075 4270 grande
1094 4201 1121 4255 V
1167 4203 1201 4256 26
1221 4201 1329 4256 dedicet
1348 4201 1375 4254 V

224 4287 259 4341 30
279 4287 415 4342 coniuncti
439 4287 469 4351 V,
490 4305 593 4359 comp
