3025 4975
441 438 527 508 Epist.
547 437 694 494 cdxxxu
712 441 728 492 r
749 469 783 478 -
803 436 961 493 ccxxxu·
978 440 1002 492 a.
1224 443 1288 506 703

150 653 249 700 omnes
264 633 433 700 memorias
450 637 646 700 mortuorum
664 634 786 699 iudicat
800 634 1056 713 contemnendas,
1070 637 1108 700 ut
1120 634 1287 719 indignum

150 742 294 807 habeatur
317 746 350 807 et
372 742 593 826 incongruum,
619 741 646 806 si
670 759 731 806 non
754 741 910 823 placidior
933 742 1080 807 omnihus
1102 761 1163 807 non
1183 743 1289 807 solum

150 847 299 914 defunctis
329 847 386 912 sed
413 847 510 912 etiam
539 845 767 929 superstitibus
794 850 905 912 nestra
932 847 1119 931 diuulgetur
1145 849 1288 913 inomni

149 953 202 1018 fine
228 957 385 1020 terrarum
412 954 537 1020 leuitas.
569 956 602 1018 et
629 954 688 1018 hoo
718 953 846 1036 quidem
873 973 935 1019 non
965 954 1219 1019 dubitauerimns
1243 955 1288 1018 ita
1313 953 1331 1016 7

125 1061 319 1144 cgratiosum
347 1060 439 1126 uobis
467 1061 622 1136 futurum,
650 1063 688 1126 ut
710 1060 842 1144 pacifico
867 1061 976 1125 statim
999 1080 1150 1145 responso
1174 1061 1288 1126 laetior

150 1167 280 1232 mundus
304 1167 464 1232 reddatur.
488 1167 604 1231 retinet
627 1170 732 1232 autom
753 1171 862 1232 uestra
880 1169 1044 1244 sanctitas,
1065 1168 1149 1250 quod
1168 1169 1289 1233 dudum

152 1274 329 1356 scripsimus
375 1294 411 1338 ex
445 1271 572 1339 Oriente
606 1274 855 1356 supplicationes
889 1274 982 1339 nohis
1016 1294 1086 1340 esse
1114 1275 1289 1341 destinatas

151 1382 341 1445 uoluntatem
373 1381 515 1462 ipsorum
548 1381 744 1445 continentes
779 1383 812 1445 et
843 1381 1020 1458 arbitrium,
1053 1382 1086 1446 in
1118 1401 1180 1464 quo
1219 1401 1289 1448 sese

151 1485 310 1552 duraturos
334 1487 507 1552 ostendunt
529 1485 662 1551 firmiter
685 1489 718 1551 at
742 1505 804 1569 quo
825 1486 914 1551 nulla
930 1488 1051 1553 ratione
1071 1488 1289 1553 desistendum

115 1617 135 1654 n
151 1593 324 1657 aestimant.
357 1593 437 1657 hanc
469 1592 577 1675 itaquo
611 1593 767 1658 cartulam
795 1594 970 1658 secundum
998 1598 1107 1659 nostra
1132 1596 1290 1678 promissa
1314 1595 1332 1656 8

150 1718 199 1780 per
224 1700 397 1765 Iohannem
425 1699 531 1765 uirum
559 1701 857 1765 reuerentissimum
881 1701 1067 1784 episcopum
1091 1701 1288 1785 dirigendam

150 1806 234 1872 nobis
259 1807 291 1871 in
315 1807 474 1890 praesenti
497 1807 611 1872 merito
637 1807 841 1884 credidimus,
866 1810 904 1872 ut
926 1827 944 1871 a
967 1812 1075 1872 nestra
1098 1807 1173 1872 sede
1193 1808 1287 1872 etiarn

150 1915 231 1978 tenor
267 1914 336 1979 eius
374 1915 533 1980 admissus
567 1915 605 1979 ad
639 1913 834 1996 colligendas
866 1913 1011 1996 proficiat
1042 1919 1075 1978 et
1105 1914 1288 1979 adunandas

153 2020 263 2104 ubique
290 2021 487 2087 uenerabiles
517 2021 668 2086 ecclesias
698 2027 729 2086 et
756 2020 1077 2104 Hierosolymitanam
1108 2022 1288 2104 praecipue,

116 2151 137 2190 n
153 2127 199 2191 cui
220 2131 344 2193 tanturn
371 2147 479 2194 omnes
504 2129 645 2193 fauorem
668 2129 859 2212 impendunt
882 2128 972 2210 quasi
995 2128 1088 2192 matri
1117 2128 1288 2193 Christiani

153 2234 291 2312 nominis,
321 2238 358 2300 ut
384 2255 476 2300 nemo
506 2236 623 2299 audeat
650 2235 688 2299 ab
718 2254 755 2300 ea
784 2254 856 2301 sese
884 2235 1070 2300 discemera.
1099 2253 1288 2299 consensum
1312 2234 1332 2296 9

152 2338 250 2422 itaque
273 2343 436 2424 proprium
460 2345 549 2406 tuarn
573 2341 819 2406 sanctitudinem
843 2341 1007 2423 epistolari
1030 2361 1156 2424 qnoque
1174 2342 1289 2426 pagina

153 2449 293 2514 conuenit
332 2449 501 2527 declarare,
544 2451 581 2514 ut
622 2451 749 2534 cognito
793 2449 940 2514 omnibns
988 2451 1083 2531 atque
1128 2449 1287 2532 patefacto

152 2555 284 2620 tenorem
312 2555 456 2620 eiusdem
485 2557 624 2621 cartulae
654 2576 672 2621 a
700 2557 793 2621 nobis
817 2557 913 2620 etiam
936 2556 1059 2620 laudari
1082 2560 1114 2620 et
1136 2556 1290 2621 tenaciter

114 2691 137 2731 ro
154 2662 298 2726 custodiri
320 2662 434 2727 laetior
455 2662 593 2728 muudus
614 2664 738 2728 existat.
786 2664 868 2727 Data
882 2662 922 2727 V.
935 2662 982 2727 ld.
1000 2661 1176 2745 Septembr.
1197 2660 1289 2727 Chal-

153 2766 213 2831 ced.
236 2768 381 2835 Rusticio
406 2788 492 2835 cons.
515 2770 657 2851 Accepta
679 2769 760 2852 prid.
784 2770 857 2834 Kal.
881 2769 958 2833 Dec.
984 2787 1069 2833 cons.
1095 2788 1138 2834 ss.

639 2963 719 3046 (232
744 2964 792 3046 a.)

556 3076 720 3133 ‘crumina
743 3088 874 3132 rancun.

191 3209 246 3254 nno
280 3210 411 3255 nnnmm
443 3212 485 3255 rc
520 3212 652 3257 rrrssruo
686 3212 875 3256 incursioni
908 3212 947 3256 nx
979 3213 1040 3257 nno
1073 3212 1215 3256 nucusro
1248 3212 1288 3255 er

114 3312 280 3365 ecunacum
312 3317 436 3362 msnruo
471 3318 740 3362 cnarsnrnnrssuro
774 3318 972 3363 nernscnrro
1005 3319 1045 3361 rr
1084 3319 1287 3363 sueanrcnrro

151 3422 186 3465 re
224 3424 522 3469 umnosorrurunurs
564 3426 603 3469 nn
646 3424 857 3469 rrsnrocrmurs
890 3425 929 3468 nr
969 3425 1134 3469 secrrnnnn
1173 3425 1287 3469 suumn

153 3529 279 3577 cranous
313 3532 352 3576 nr
386 3532 561 3577 ennarrans
595 3533 633 3576 nr
667 3532 906 3577 rossassounscs
939 3532 1131 3576 naonrucrnn
1161 3531 1286 3575 suarna.

151 3615 311 3685 Haurite
340 3639 481 3701 aquam
510 3638 595 3683 curn
627 3619 798 3683 laetitia
830 3638 872 3683 en
905 3619 1093 3683 fontibus
1132 3619 1332 3685 salutis2

231 3810 264 3865 28
284 3811 356 3865 Esai.
378 3812 455 3876 12‚3

180 3918 195 3969 3
213 3916 376 3985 deuulgetur
398 3914 465 3969 Vct
485 3918 604 3984 (eccepto
623 3916 663 3983 Μ)
683 3916 717 3969 H
805 3920 821 3971 5
844 3916 951 3970 leticior
975 3917 1000 3968 V
1087 3917 1104 3969 6
1127 3916 1229 3969 retinet
1253 3916 1287 3968 V:

147 4006 257 4059 redueat
274 4004 309 4059 H
393 4005 426 4058 14
443 4004 704 4059 hierosolimitanam
730 4005 755 4057 V
771 4011 796 4059 et
815 4023 905 4060 onraea
917 4005 980 4071 fere
999 4005 1076 4058 codd.
1096 4005 1129 4058 H
1196 4003 1230 4056 20
1249 4004 1288 4057 le·

148 4092 220 4147 ticior
241 4094 268 4148 V
337 4089 482 4165 septebV
515 4094 549 4148 21
569 4095 670 4149 rustico
689 4095 720 4149 Η
738 4096 868 4164 (acceptis
884 4092 968 4161 ditm)
1032 4097 1073 4147 (ιι.
1093 4103 1199 4151 c.>cos.
1222 4092 1286 4145 Gar.

148 4180 178 4234 23
204 4184 337 4253 exemplar
363 4184 407 4239 H:
439 4171 540 4239 nxsffi’a
576 4184 602 4238 V
689 4185 722 4237 2ss
746 4183 989 4237 hierosolimitanis
1017 4182 1043 4233 V
1063 4187 1087 4235 et
1111 4198 1203 4235 omues
1225 4180 1289 4248 fere

147 4270 219 4325 codd.
240 4272 272 4327 Η
317 4274 351 4327 27
371 4275 434 4345 sirie
458 4274 483 4325 V
527 4275 561 4329 28
581 4274 667 4327 aurite
694 4272 758 4327 Vet
770 4272 891 4341 plurumi
908 4272 987 4326 codd.
1006 4270 1040 4324 Η
1093 4288 1163 4340 aqna
1182 4269 1286 4325 pampro

148 4356 261 4416 fontibus
280 4362 312 4417 H
317 4382 323 4416 :
343 4363 419 4417 fonte
444 4363 470 4415 V

196 4486 273 4525 XXXV
286 4498 341 4534 pars
355 4491 375 4529 8.
1180 4465 1216 4517 45
