3025 4975
516 422 604 493 Epist.
624 422 738 479 CXXIII
761 425 836 479 1-8.
1195 430 1260 494 535

125 639 227 685 nocem
247 619 395 697 hominis,
417 638 489 683 cum
509 619 639 685 cottidie
659 620 750 685 nobis
770 620 896 685 insonet
919 621 1076 685 sententia
1098 622 1263 688 ueritatis:

127 726 241 803 beati,
268 726 335 810 qui
359 727 690 808 persecutionem
715 728 935 809 patiuntur
958 732 1125 809 propter
1147 729 1264 793 iusti·

127 836 229 899 tiam!
277 832 333 897 sed
357 852 395 897 ue
419 852 480 909 me,
499 832 612 897 fraires
631 833 802 909 karissimi,
821 834 898 899 licet
917 832 1000 917 apud
1019 834 1130 898 fideles
1148 854 1265 919 magna
1289 832 1309 895 5

129 941 172 1017 sit,
204 939 339 1022 spiritali
367 944 472 1004 tamen
500 958 559 1003 uos
588 940 692 1005 solum
722 940 859 1005 credatis
888 939 1126 1006 confirmatione
1158 942 1264 1015 solari,

105 1068 144 1111 ra
166 1046 367 1129 prouidendis
395 1066 450 1129 pro
484 1050 592 1111 uestra
623 1046 829 1111 tribulatione
862 1047 1021 1125 remediis,
1049 1051 1204 1129 quantum
1231 1047 1264 1111 in

128 1152 244 1219 homine
268 1172 340 1219 esse
363 1152 479 1235 potuit,
503 1172 563 1217 non
589 1152 707 1235 quieui.
740 1172 813 1216 narn
837 1172 893 1236 per
915 1153 1039 1238 legatos
1063 1154 1102 1217 ad
1126 1152 1265 1219 Orientis

127 1260 290 1343 principem
324 1258 500 1324 destinatos
533 1260 566 1323 et
593 1259 908 1325 Thessalonicensem
937 1260 1132 1343 episcopum,
1161 1264 1199 1324 ut
1226 1259 1264 1324 ab

127 1367 325 1433 insectatione
358 1370 467 1432 uestra
499 1374 648 1442 cessaret,
682 1366 833 1432 admonui
860 1371 893 1431 et
919 1368 1097 1452 prorogatis
1129 1367 1264 1451 paginis,

127 1478 157 1538 ut
177 1473 358 1557 imperatori
383 1474 625 1557 supplicaretur,
650 1473 780 1539 iniunri.
836 1474 914 1539 baec
938 1478 1091 1556 quantum
1115 1474 1154 1537 ad
1177 1492 1265 1557 prae·
1290 1472 1310 1535 6

94 1608 113 1647 0
128 1582 219 1645 sentia
236 1584 314 1645 sunt
332 1581 478 1663 prouisam
504 1580 560 1645 sed
582 1579 647 1658 illa,
673 1599 751 1662 quac
771 1582 810 1645 ad
829 1600 919 1663 spem
937 1580 1077 1645 futuram
1096 1579 1265 1663 pertinent,

127 1687 196 1751 haec
215 1689 290 1751 suut
308 1687 416 1769 potius
436 1686 597 1750 mentibus
616 1686 778 1750 intuenda.
804 1705 878 1751 sane
897 1686 957 1751 boc
975 1704 1027 1749 me
1046 1686 1147 1751 fateor
1164 1685 1265 1751 fuisse

127 1794 277 1868 mirarum,
303 1792 389 1874 quod
411 1792 493 1856 inter
517 1792 725 1875 allegationes
750 1792 971 1875 angustiarum
998 1792 1166 1876 religiosae
1193 1812 1265 1874 pru·

128 1900 240 1965 dentiae
270 1903 396 1964 uestrae
425 1898 503 1964 haec
532 1900 638 1981 potuit
665 1916 740 1963 cura
769 1899 941 1981 subripere.
969 1902 1007 1963 ut
1032 1909 1101 1973 (a)
1124 1918 1176 1963 me
1204 1898 1265 1963 sub

128 2006 360 2071 consultationis
385 2006 489 2070 colore
512 2005 668 2090 dirigendi
688 2006 728 2071 ad
746 2005 1060 2071 Thessalonicensem
1080 2006 1266 2088 episcopum

94 2144 113 2183 n
128 2113 228 2177 solitas
260 2113 385 2177 litteras
418 2112 547 2177 licentia
578 2115 772 2195 posceretur.
815 2131 915 2197 egone
951 2112 1047 2176 buius
1079 2112 1125 2176 rei
1157 2115 1267 2177 auctor

129 2219 294 2286 existerem.
320 2238 414 2301 quam
444 2218 472 2283 si
499 2219 598 2284 inscio
627 2237 679 2283 me
707 2237 931 2303 cognoscerem
954 2219 1071 2283 iactam
1095 2237 1175 2293 esse,
1200 2217 1265 2282 cul-

127 2330 246 2406 parem?
276 2326 361 2390 absit
383 2325 446 2389 isla
468 2326 677 2408 peruersitas!
707 2325 816 2389 audite
839 2324 1048 2408 apostolicam
1072 2343 1185 2388 uocem
1208 2323 1265 2389 sed
1289 2316 1308 2381 7

128 2450 268 2512 personae
291 2451 380 2498 meas
404 2432 629 2498 conuenienter
657 2431 845 2516 aptandam:
874 2432 909 2497 si
937 2451 1036 2514 quae
1065 2430 1265 2509 destruxi,

129 2539 216 2604 haec
244 2541 395 2605 iterum
423 2540 663 2618 reaedifico,
691 2539 1064 2623 praeuaricatorom
1092 2559 1150 2604 me
1179 2557 1264 2604 con-

95 2647 260 2713 0011100.
298 2647 408 2724 nolite,
438 2647 579 2724 obsecro,
609 2647 647 2710 ad
676 2645 798 2712 euitata
823 2646 878 2710 uix
904 2645 1005 2710 redire
1034 2645 1266 2728 contagiones

129 2751 214 2832 pedes
245 2753 325 2830 luto,
355 2772 417 2835 quo
451 2753 649 2832 tenebantur,
678 2754 809 2818 auulsos
841 2750 1007 2836 patiamini
1037 2751 1122 2816 male
1154 2770 1265 2816 rursus

129 2856 271 2944 immergi.
311 2859 406 2924 sinite
431 2859 614 2925 oblitterata
644 2879 714 2924 esse
746 2860 917 2924 transacta.
956 2876 1067 2922 nemo
1095 2856 1265 2922 mittens

129 2982 271 3030 manum
297 2966 470 3030 suumin
497 2969 673 3030 aratrum
701 2971 740 3031 et
769 2965 979 3049 aspiciens
1008 2968 1116 3028 retro
1144 2966 1264 3045 aptus

131 3075 184 3135 est
208 3091 330 3157 regno
359 3072 432 3139 dei.
470 3071 687 3155 impediuntur
715 3092 733 3136 a
764 3091 914 3155 processu
946 3069 1101 3152 propositi
1133 3069 1264 3148 itineris,
1289 3065 1309 3128 8

96 3207 116 3246 rr
133 3176 178 3256 qui
207 3179 327 3243 reflexis
361 3179 463 3243 oculis
497 3178 681 3262 respiciunt,
715 3179 799 3260 quod
831 3178 1023 3260 relinquunt.
1065 3196 1126 3241 non
1160 3178 1266 3240 amant

132 3283 353 3350 ecclesiasticae
378 3284 564 3369 disciplinae
588 3303 653 3362 eos,
677 3283 708 3349 in
733 3284 849 3366 quibus
869 3285 1011 3347 remanet
1029 3282 1182 3346 memoria
1199 3281 1266 3345 ulla

131 3389 277 3468 perfidiam
302 3395 389 3457 totos
413 3391 450 3456 ab
476 3391 652 3455 errantibus
677 3395 802 3473 oportet
825 3389 956 3467 abscidi,
982 3390 1057 3471 quia
1078 3389 1110 3452 in
1139 3392 1264 3452 tantum

131 3491 320 3561 detestabiles
350 3496 558 3560 aestimantur
585 3496 624 3560 ad
653 3501 759 3580 spreta
785 3496 963 3572 redeuntes,
987 3497 1024 3559 ut
1051 3493 1163 3558 beatus
1193 3513 1265 3576 apo-

131 3603 221 3666 stolus
240 3603 353 3668 Petrus
377 3603 493 3668 melius
517 3603 582 3668 illis
606 3622 677 3668 esse
700 3603 940 3686 praedicanerit,
960 3605 1075 3666 utnon
1096 3619 1265 3684 cognosce·

131 3863 384 4000 IIIIIatth.5,
405 3863 438 3918 10
531 3863 563 3918 18
583 3861 642 3918 Gal.
662 3863 687 3928 2,
709 3863 742 3918 18
833 3863 868 3916 22
887 3861 952 3917 Luc.
972 3863 997 3926 9,
1016 3862 1051 3916 62
1137 3859 1263 3914 aerest.

169 3949 239 4013 221

161 4072 630 4142 10000101101100100101101)
666 4075 698 4129 13
717 4075 862 4144 subrepere
880 4073 908 4124 0Ι
962 4073 1062 4127 codd.
1083 4071 1110 4144 p²
1148 4074 1182 4126 14
1200 4089 1264 4125 con·

134 4159 260 4216 solacionis
284 4161 315 4229 V,
335 4178 404 4217 corr.
427 4161 507 4216 Tlriel
599 4163 631 4216 ld
655 4179 735 4231 quom
756 4181 783 4215 o:
808 4179 862 4230 qua
884 4161 910 4214 V
1014 4162 1084 4214 insio
1108 4161 1140 4224 V,
1160 4175 1264 4214 como

135 4247 161 4298 il
179 4249 256 4305 abscit
279 4252 305 4304 V
339 4252 374 4304 22
392 4251 531 4320 immergit
552 4251 583 4314 V,
602 4267 707 4306 corno
744 4251 780 4305 25
797 4250 956 4320 relinguuut
978 4250 1010 4316 V,
1029 4265 1131 4304 corno
1168 4250 1202 4302 26
1221 4265 1264 4319 ec·

133 4334 203 4391 clesia
220 4342 284 4394 sttce
307 4340 334 4394 V
351 4340 444 4404 (etiam
463 4357 488 4404 aa
507 4339 581 4408 quod
598 4354 693 4393 oroneo
712 4345 810 4394 contra
831 4339 978 4406 Tlrielium)
1048 4339 1082 4392 28
1101 4337 1136 4392 ad
1155 4355 1182 4390 o:
1202 4353 1218 4390 a
1241 4336 1265 4390 V
