3025 4975
153 445 218 508 962
677 438 796 494 Index

185 650 319 704 praesens
337 650 391 702 pro
412 633 594 701 imperativo:
616 648 728 700 respon·
755 631 851 685 tendo:
868 634 901 685 ut
913 632 1037 701 synopsis
1052 632 1140 701 operis
1155 630 1330 685 construendi

225 722 395 794 0511551422.
415 720 524 775 56151115
537 721 622 793 51422,
637 719 728 774 dicitis
791 719 865 774 fideli
888 719 1017 774 tendetur
1038 718 1328 792 (1151165151Ρ515555-

225 813 309 883 55122,
320 809 727 881 scribitis(cod.scriptis)55'l²0
791 808 849 879 stig)
878 809 999 862 examine
1025 810 1145 881 471ss-
1171 810 1210 863 sic
1237 812 1329 862 autem

224 906 250 953 et
263 900 375 968 saepius
389 899 563 953 inindicuiis
572 902 623 951 116
636 902 661 951 et
670 901 728 951 135
791 897 960 966 impietatem
975 898 1119 968 pestiferae
1136 897 1329 951 dominationis

188 990 315 1058 futorum
337 1004 393 1057 pro
415 988 597 1056 imperation-
623 985 671 1040 sed
696 990 727 1039 tu
790 985 909 1041 tetendit
927 990 959 1040 ut
978 988 1059 1041 etiam
1079 986 1200 1041 deiectus
1214 986 1330 1041 insultet

223 1079 283 1147 ipse
306 1076 388 1131 hodie
411 1075 510 1138 indica,
532 1076 591 1145 ipse
618 1078 726 1128 senten·
793 1076 876 1148 15022.
895 1106 928 1113 -
947 1075 1017 1129 nihil
1038 1074 1198 1145 proficiebat
1222 1076 1250 1129 in
1275 1092 1329 1145 quo

222 1168 290 1220 tiam
320 1165 438 1235 proferre
471 1164 627 1234 dignaberis
656 1164 726 1236 1622;
791 1163 968 1217 tendebamus
987 1164 1063 1235 61822

225 1254 388 1321 (sublimitas
402 1258 461 1319 tua)
474 1258 585 1308 eatenus
598 1252 727 1307 basilicae
754 1255 834 1306 teneo
855 1276 888 1298 =
907 1252 1045 1305 contineo:
1064 1252 1172 1307 litteras
1188 1250 1329 1320 purgatio-

225 1342 326 1412 diriget
338 1342 451 1396 formam
467 1345 601 1412 quatenus
611 1382 618 1395 .
629 1384 652 1395 ..
667 1342 725 1413 4722
791 1356 852 1393 nem
870 1344 995 1395 tenentes
1011 1340 1094 1412 10322,
1109 1368 1143 1379 -
1159 1364 1193 1385 =
1206 1339 1330 1405 includo,

224 1438 251 1485 et
266 1431 394 1485 simsiiter
411 1432 443 1484 in
466 1431 562 1485 edictis
579 1432 726 1499 imperoto-
790 1430 917 1483 custodio
932 1435 1022 1483 teneo:
1037 1446 1067 1483 51
1082 1428 1180 1499 quibus
1194 1428 1331 1498 aliquanti

223 1521 724 1593 meflfflfiffiQQQ
791 1516 1331 1587 mffifflmmdmmfflmi

225 1608 279 1681 182,
311 1610 343 1661 in
370 1609 495 1678 epsetnlis
520 1608 567 1662 nel
594 1608 726 1663 indiculis
790 1607 856 1679 1522,
876 1605 976 1661 dicitur
993 1610 1021 1661 et
1035 1606 1222 1676 apocrisiarios
1239 1606 1331 1660 teneri

220 1714 364 1765 poparum
383 1698 445 1767 1542
465 1698 540 1769 51722
560 1696 636 1767 60622
790 1696 864 1767 01222

183 1786 449 1856 plusquamperfect
461 1792 487 1839 et
500 1785 725 1854 1511151155ίί555-
752 1788 843 1838 1511511
863 1784 914 1837 hoc
933 1783 1016 1837 etiem
1034 1786 1128 1837 tenore
1142 1784 1244 1837 Paulus
1262 1800 1330 1853 apc-

222 1873 343 1928 iunctini
359 1875 432 1927 inter
449 1889 477 1928 se
490 1874 656 1941 permutati.-
681 1876 724 1926 ta·
789 1873 875 1927 stolus
888 1890 942 1926 non
956 1872 1017 1927 ideo
1034 1872 1165 1927 fefellisse
1179 1870 1330 1927 credendus

224 1979 313 2016 cemus
328 1961 400 2032 quod
415 1960 538 2015 fortassis
551 1962 640 2031 ipsum
654 1960 725 2016 Gon·
789 1967 831 2016 551
851 1962 1032 2031 quoniam...
1050 1961 1125 2035 4832,
1152 1961 1210 2031 pari
1232 1964 1330 2015 tenore

222 2051 353 2105 stantium
373 2051 556 2121 episcopomm
572 2051 649 2103 nnita
662 2066 724 2103 con·
789 2051 874 2123 31022,
895 2066 926 2104 eo
945 2053 1039 2103 tenore
1059 2050 1134 2121 38022

223 2140 326 2193 stantia
344 2139 512 2193 confutasset
532 2142 561 2193 et
577 2138 724 2208 frangeret,
752 2142 806 2193 ter:
822 2154 870 2207 per
883 2138 973 2192 omnia
983 2138 1139 2193 beatissime
1151 2142 1178 2192 et
1191 2142 1234 2192 ter
1248 2138 1329 2191 beate

223 2229 348 2282 fortassis
367 2228 450 2281 etiam
468 2231 496 2281 et
510 2227 670 2296 intellegere
684 2228 724 2282 fe·
789 2230 867 2297 pater
884 2228 960 2297 66122

224 2316 358 2371 515551...
381 2317 450 2389 1322;
470 2316 523 2369 nisi
540 2315 670 2369 diuinitas
684 2316 724 2370 ut·
752 2318 881 2371 termino:
911 2314 1041 2385 synodum
1059 2316 1181 2386 piissime
1203 2318 1330 2383 coeptum

223 2404 321 2458 fnisset
333 2404 487 2474 egressique
497 2420 546 2474 per
554 2406 725 2459 secretiorem
789 2403 837 2458 sed
867 2404 1027 2473 impiissime
1055 2403 1227 2457 terminatam
1260 2404 1328 2475 1122.

223 2497 328 2564 partem
341 2494 473 2562 impeturn
486 2494 669 2548 multitudinis
683 2496 724 2548 ui·
789 2493 907 2563 synodus
926 2497 1095 2563 praesentem
1113 2509 1220 2548 causum
1234 2495 1328 2546 termi-

222 2587 351 2646 teremns,
390 2583 501 2636 minime
544 2583 725 2652 potuissemus
788 2598 852 2637 nure
877 2599 932 2636 non
950 2582 1042 2652 potuit
1059 2581 1118 2654 6893
1143 2583 1250 2636 similia
1269 2583 1327 2654 1322

224 2669 338 2723 euadere
363 2671 433 2742 1522;
461 2671 566 2723 utinam
591 2671 740 2751 incolume¹
789 2671 916 2744 8222515.

223 2759 353 2812 Arrianae
372 2759 441 2827 legis
460 2759 629 2813 Mursinense
648 2761 726 2830 oppi-
752 2765 859 2815 ternus:
877 2760 953 2814 iuxta
970 2762 1063 2814 ternus
1083 2763 1111 2814 et
1127 2763 1219 2814 ternas
1238 2758 1328 2813 tribus

224 2845 288 2900 dum
306 2851 477 2916 permaneret
495 2851 524 2900 et
538 2863 592 2900 non
607 2846 641 2901 ad
655 2847 724 2902 indi·
790 2849 864 2921 16622

224 2935 295 2988 cium
306 2935 443 3003 quondam
455 2936 551 2989 erroris
560 2936 652 2989 miseri
662 2953 725 2990 con·
752 2941 837 2992 terra:
857 2939 884 2992 in
898 2938 979 2992 terris
993 2941 1095 3006 (oppos.
1108 2938 1140 2990 in
1152 2937 1238 3002 coelo)
1249 2938 1327 3009 63522

223 3023 336 3077 cidisset
353 3023 412 3096 8922
752 3031 887 3080 terrenus:
902 3027 1125 3098 1515151512022.
1140 3042 1186 3080 151
1201 3027 1327 3098 1122162.

150 3116 271 3182 tempus:
296 3115 457 3182 quicumque
475 3113 504 3168 in
522 3118 643 3182 tempore
662 3113 725 3167 ade·
788 3114 938 3169 moderatio
964 3116 1047 3188 10622,
1073 3115 1212 3168 hominnm
1229 3115 1327 3168 messis

186 3205 249 3256 rant
272 3202 344 3273 1012.
372 3201 400 3255 in
428 3201 480 3256 hoc
507 3207 628 3274 tempore
650 3203 723 3274 4102,
789 3205 851 3276 5512

186 3289 214 3342 in
240 3292 361 3359 tempore
385 3289 480 3359 gaudii
502 3291 587 3362 25922,
616 3290 724 3344 diabolo
751 3295 839 3347 terror
852 3317 886 3338 =
901 3298 1000 3347 tremor
1014 3298 1114 3347 ionae:
1134 3295 1269 3346 stetemnt
1284 3293 1327 3346 illi

186 3393 216 3430 se
248 3376 283 3431 ad
310 3381 418 3447 tempus
445 3379 623 3432 interserente
653 3378 723 3451 1402,
788 3389 903 3436 terrores
927 3379 1052 3452 (ἔστησαν
1078 3379 1325 3454 cicesepoi)180‚n

187 3482 234 3536 pro
266 3469 389 3535 tempure
422 3471 496 3520 certa
522 3468 724 3536 praestringens
751 3473 958 3526 testamentum:
983 3473 1063 3525 uetus
1091 3471 1325 3544 1062110222115-

186 3555 270 3626 54022,
287 3555 373 3609 tantis
387 3555 554 3625 temporibus
567 3579 602 3602 =
617 3557 725 3610 tamdiu
787 3576 849 3612 uum
869 3561 933 3631 1552

186 3645 263 3715 60022
296 3643 393 3714 (6062).
429 3643 523 3696 multis
556 3645 724 3714 temporibus
750 3649 921 3702 testificatio:
948 3648 997 3702 snb
1016 3649 1210 3702 testificatione
1226 3651 1324 3718 poten·

186 3731 262 3805 38122
278 3731 724 3802 613221111511111511511551155155
787 3736 843 3790 tiae
880 3737 988 3790 dininas
1025 3735 1205 3794 dicebant...
1238 3737 1324 3808 04722.

186 3821 260 3891 26322
273 3857 295 3891 22
306 3856 328 3891 22
339 3857 371 3891 22,
384 3823 464 3873 151115
477 3825 645 3874 sacramenta
655 3839 723 3890 quae
788 3827 907 3879 omnium
925 3827 1117 3881 testificatione
1136 3827 1221 3898 11222.
1241 3826 1325 3895 scrip·

185 3915 297 3978 possent
315 3909 383 3978 ipsis
401 3906 436 3962 ad
454 3912 578 3978 tempore
600 3911 723 3965 sulficere
787 3916 907 3968 turamm
926 3915 1166 3970 testificationibus
1184 3916 1247 3986 4032

186 3997 262 4070 68922
750 4003 948 4058 testimonium:
980 4004 1048 4058 fides
1076 4005 1119 4058 cui
1148 4007 1176 4058 et
1203 4003 1323 4058 deus...

149 4083 301 4138 tendicula:
329 4085 379 4139 has
405 4085 558 4141 tendiculas
585 4089 722 4158 quaestio·
787 4107 835 4160 pcr
858 4093 1047 4146 auctoritatem
1071 4093 1261 4162 scripturarum
1282 4091 1324 4145 di-

185 4189 249 4226 num
279 4173 350 4246 1012,
382 4191 432 4244 per
463 4175 558 4230 talimn
586 4178 722 4230 nominum
786 4180 1160 4236 uinarum...testimonium
1186 4180 1262 4235 dedit
1280 4183 1322 4252 02;

185 4261 299 4316 insidias
339 4265 528 4332 captiosasque
571 4265 723 4320 tendiculas
787 4268 883 4322 relatio
908 4284 988 4338 quam
1012 4269 1046 4323 ad
1068 4271 1253 4324 testimonium
1274 4270 1323 4324 ad·

185 4349 259 4422 3822,
281 4353 398 4406 11551515
416 4351 569 4406 tendiculas
586 4355 652 4426 4392
786 4355 899 4410 duxistis
927 4358 1004 4430 2902;
1036 4359 1193 4412 testimonio
1220 4359 1323 4414 babens
