3025 4975
533 450 619 520 Epist.
640 448 760 504 CXXXX
778 450 857 505 4-6.
1197 452 1261 515 575

131 659 224 717 πιστοῖς
253 654 306 708 τοῦ
340 648 416 708 θεού
450 646 483 707 τύ
514 640 564 705 διά
592 652 644 706 τού
674 640 809 705 θανάτου
840 652 898 705 τῶν
929 640 1077 725 σωμάτων
1107 642 1159 726 τὴν
1183 641 1263 726 ίωήν

130 750 272 831 κερδαίνειν
303 746 362 812 τών
393 753 507 834 ψυχῶν·
536 746 761 831 ἀποβάλλονται
792 751 845 831 μὲν
878 751 916 809 τά
945 742 1050 830 ῥὲοντα
1073 745 1141 809 ἀλλ’
1167 744 1262 831 ἐμπο-

132 856 245 937 ρεύονται
273 858 312 917 τὰ
344 852 450 917 αἰώνια
476 856 527 917 καὶ
557 852 586 916 ἐν
609 863 650 936 τῖρ
681 855 730 915 τὸν
762 853 892 938 διωγμὸν
922 848 1069 915 ὁδοποιεῖν
1092 862 1128 936 τῇ,
1151 852 1262 935 δυκιμη·

132 958 193 1021 αἰτία
222 963 331 1038 γίνεται
362 967 416 1042 της
447 955 532 1029 ἀξίας
554 953 573 1042 ἡ
598 958 718 1041 δοκιμή·
750 954 873 1041 ἀνύηται
900 959 953 1019 καί
985 956 1014 1018 ἐν
1045 969 1081 1042 πρ,
1114 957 1265 1043 τυφλώσει

109 1066 284 1146 κρατούμενοι
314 1060 481 1142 ἀγνοοῦσιν,
512 1058 555 1125 ὅτι
582 1060 635 1133 οὓς
660 1060 694 1125 ἐκ
716 1069 771 1145 της
794 1072 852 1123 τῶν
877 1058 1046 1145 ἀνθρώπων
1070 1059 1264 1146 ἀναστροφῆς

131 1171 249 1253 χωρίζειν
279 1168 429 1230 δύνασθαι
466 1170 629 1251 νομίζουσι,
661 1168 785 1236 τούτους
815 1164 857 1236 εές
892 1166 944 1249 τὴν
975 1166 1127 1249 βασιλείαν
1158 1162 1265 1245 ἄγουσι

131 1280 170 1334 τού
190 1274 271 1335 θεοῦ.
340 1268 476 1333 ἐντεῦθεν
511 1270 541 1334 ἐν
570 1267 671 1343 αὐτοῖς
705 1283 767 1341 τοῖς
788 1271 934 1351 κινδύνοις
957 1268 987 1332 αἱ
1010 1266 1191 1357 εὐφροσύναι
1211 1266 1308 1333 καὶ4

130 1371 222 1459 ηπερὶ
243 1378 275 1438 τύ
298 1374 426 1461 πάσχειν
449 1376 576 1459 σπουδή·
602 1375 759 1461 ἐκδέχεται
780 1378 838 1458 γὰρ
860 1375 931 1445 τούς
954 1370 1074 1453 ἀγῶνας
1101 1385 1159 1437 τῶν
1181 1373 1263 1437 ἰδίων

131 1476 211 1541 ύτῶν
239 1480 376 1564 μεγάλων
409 1476 530 1561 δωρεῶν
559 1478 775 1563 ἀνταπυδύπης,
806 1482 850 1550 τίς
879 1482 936 1563 γὰρ
967 1474 1024 1543 ούκ
1051 1477 1087 1541 ἀν
1110 1475 1265 1543 δκλάσειεν

101 1609 117 1645 ιι
131 1582 153 1645 ἐν
172 1596 227 1655 τοῖς
248 1598 365 1666 κακοῖς,
384 1582 408 1646 εί
427 1583 467 1669 μη
492 1584 541 1647 διὰ,
563 1594 620 1647 τῶν
645 1582 787 1647 ἐπάθλων
811 1586 1050 1670 παραμοθηθείη
1073 1588 1110 1647 τὰ
1133 1584 1264 1670 ἐναντία;

131 1686 210 1772 ἐκείνη
240 1686 315 1751 ἐστίν
346 1685 365 1773 ἡ
397 1686 480 1758 ἐλπὶς
507 1708 527 1772 η
560 1688 600 1772 μη
633 1696 836 1773 συγχωροῦσα
863 1686 893 1751 ἐν
922 1700 959 1774 τη
990 1686 1161 1771 ἀνελπιστίορ
1182 1686 1265 1774 ἡμᾶς

131 1789 234 1855 ἀτονεῖν·
258 1790 410 1856 ἀποκλείει
438 1788 538 1876 (γὰρ)
563 1789 620 1855 τών
643 1791 777 1875 θλίψεων
800 1793 833 1853 τὸ
856 1794 960 1875 πικρὸν
982 1788 1143 1876 ηγλυκεῖα
1166 1802 1266 1872 γεύσις

130 1908 175 1959 τῶν
200 1899 319 1981 ἀρετῶν.
348 1900 391 1969 τίς
421 1900 478 1981 γὰρ
513 1896 548 1960 ἀν
580 1896 699 1983 οἰηθείη
732 1894 770 1959 τά
796 1900 931 1981 παρόντα
955 1894 1073 1980 μεγάλα
1098 1896 1206 1959 ἐννοῶν
1229 1900 1266 1959 πά

131 2002 276 2083 μέλλοντα,
300 2006 343 2073 τίς
366 2004 415 2063 τὸν
438 2004 571 2065 θάνατον
595 1999 778 2086 ἀπαρνεῖται,
795 2004 822 2064 εί
835 2012 893 2065 τῶν
919 2001 1091 2084 μελλύντων
1113 2002 1165 2085 την
1189 1999 1265 2063 ἀντί,

99 2132 115 2170 ω
130 2106 196 2167 δοσιν
216 2108 444 2191 κατανοήσειεν,
513 2104 642 2191 ἔνστητε,
667 2104 815 2190 ἀγαπητοί
847 2127 916 2190 μου,
941 2108 993 2168 καί
1025 2103 1190 2169 ἀσάλευτον
1213 2108 1265 2190 τὴν
1290 2104 1310 2165 5

128 2216 204 2273 πίστιν
235 2214 345 2295 βεβαίῳ
374 2210 508 2295 λογισμῷ
533 2208 729 2298 φυλάττοντες
756 2221 810 2295 τῆς
834 2207 986 2296 ύπομονης
1009 2214 1058 2274 τὸν
1082 2210 1211 2291 ἔπαινον,
1235 2212 1265 2275 ἐν

130 2310 238 2395 ίρέστιν
260 2340 279 2401 η
305 2319 439 2400 σωτηρία
470 2318 521 2378 καί
551 2326 608 2378 τών
642 2313 766 2396 ἀγαθῶν
791 2313 884 2399 ἔργων
907 2319 941 2377 τύ
966 2318 1116 2400 βραβεῖον,
1140 2321 1265 2401 καρπώ-

130 2421 224 2481 σασθε.
255 2422 373 2506 μεγοίλα
404 2419 486 2502 είσὶν,
510 2418 555 2496 εἰς
579 2420 599 2481 ἃ
621 2420 803 2505 καλούμεθα
826 2418 855 2482 οί
877 2418 998 2493 ἀνάξιοι·
1024 2420 1066 2507 μὴ
1092 2422 1266 2506 βραδυνάτω

128 2518 144 2606 ἡ
165 2521 309 2606 ἀσθένεια,
335 2521 378 2588 ὅτι
401 2521 416 2587 ὁ
439 2525 541 2588 καλῶν
567 2523 773 2612 ἀνταποδύτης
796 2527 898 2596 πιστὸς
921 2529 972 2587 καί
1001 2527 1125 2598 δυνατὸς
1150 2529 1267 2610 βοηθός

94 2657 114 2694 ιο
130 2625 188 2690 ἐστι.
213 2629 251 2714 μὴ
276 2641 311 2714 τη
336 2639 394 2692 τῶν
416 2631 613 2713 καταθυμίων
637 2627 732 2692 ἐλπίδι
755 2627 958 2714 ἀπατηθῶμεν
989 2632 1063 2714 μήτε
1089 2639 1147 2692 τῶν
1170 2627 1268 2715 ηδὲων

129 2735 193 2816 μήτε
214 2738 418 2818 προκρίνωμεν
440 2737 478 2796 τά
501 2729 624 2820 εύχερη.
649 2729 683 2796 ού
706 2734 846 2819 τρυφηλά
868 2730 938 2818 ἡμῖν
962 2731 1097 2818 ἀκύριος
1118 2732 1216 2820 ἡμῶν,
1233 2730 1268 2798 ού

127 2837 313 2902 κολακευτικά
344 2837 550 2924 ἐπηγγείλατο·
581 2837 693 2909 ἐκεῖνος
724 2835 847 2900 ἔπαθλα
874 2833 1032 2924 ύπὲσχετο,
1065 2834 1122 2902 ούκ
1151 2837 1267 2923 ἀργίας.

128 2935 157 3002 ού
180 2947 389 3028 συμβαίνουσιν
413 2942 533 3014 ἔπαινος
555 2945 606 3006 καὶ
630 2939 776 3026 ῥαθυμία.
801 2947 842 3014 τίς
865 2952 919 3028 τῆς
942 2941 1146 3028 ἀνταμείψεως
1170 2943 1269 3008 ἔσεταί

126 3049 215 3132 τύπος,
245 3049 269 3112 εὶ
303 3043 429 3132 ούδεμία
460 3046 520 3110 ἐστὶ
552 3050 670 3134 φροντίς
692 3056 746 3132 τῆς
770 3044 899 3131 ἀρετῆςτ
930 3048 1016 3132 στενὴ
1039 3044 1059 3133 ἡ
1082 3050 1162 3133 πύλη
1187 3047 1268 3112 ἀλλά

92 3149 231 3216 ιιπλατέα
257 3157 293 3215 τα
325 3153 471 3235 βασίλεια·
503 3149 614 3232 ἀλίγοις
643 3173 663 3236 η
695 3149 814 3221 εἴσοδος
844 3148 924 3213 ἀλλά
954 3164 1015 3224 τοῖς
1039 3153 1183 3236 δοκίμοις.
1208 3148 1313 3239 ούχύ

128 3247 198 3317 ούτοί
219 3255 288 3319 εἰσιν
312 3253 340 3318 οἱ
362 3265 471 3340 πρῶτοι
486 3257 571 3336 λύγοι
586 3258 661 3340 πρὸς
678 3254 822 3336 ἐκείνους,
839 3253 892 3327 οδς
908 3255 1033 3330 ἐδίδαξε·
1060 3258 1267 3340 ,διώξουσι

126 3362 186 3421 καί
213 3359 248 3422 ἐν
278 3373 364 3432 ταῖς
395 3373 646 3439 συναγωγαῖς
685 3364 1001 3444 μαστιγώσουσιν
1040 3357 1185 3446 ύμᾱςίί;
1217 3359 1267 3424 διά

127 3471 174 3545 της
199 3459 360 3550 ὑπομονῆς,
384 3467 493 3536 καθώς
525 3469 697 3548 γέγραπται,
720 3467 908 3551 κτησώμεθα
937 3468 991 3535 τὰς
1015 3462 1128 3528 ἑαυτῶν
1152 3463 1263 3552 φυχάς,

129 3567 229 3648 μήποτε
257 3571 364 3642 ταύτας
398 3569 447 3630 διὰ
479 3579 534 3654 της
569 3565 628 3654 ούχ
659 3566 811 3654 ύπομονης
844 3567 1024 3654 ἀλγήσωμεν
1052 3569 1262 3643 ἀπολέσαντες.

160 3755 246 3820 θεαῖς
273 3761 405 3830 φυχαῖςυ
519 3763 535 3814 6
563 3758 692 3812 δύνασθαι
717 3759 849 3831 νομίζουσι
868 3777 929 3813 neo:
955 3758 1059 3812 δοκούτι
1078 3760 1208 3813 δύνασθαι
1227 3761 1264 3829 gh

129 3841 269 3916 θδωραιῶν
289 3866 304 3901 a
387 3849 419 3901 12
439 3849 488 3920 γὰρ
508 3849 608 3902 addidi
685 3851 718 3903 13
738 3849 854 3919 παρόντα
873 3849 969 3900 ἐννοῶν
989 3847 1091 3918 μεγάλα
1110 3847 1207 3901 ἐννοῶν
1226 3849 1263 3918 gh

131 3933 159 3984 14
178 3932 347 4008 ἀπαρνήσεται
366 3937 403 4007 gh
486 3940 518 3991 17
538 3937 711 4008 καρπώσεσθε
731 3955 755 4002 α,
775 3937 968 4008 καρπώσασθαι
986 3956 1012 4007 g,
1034 3939 1227 4009 καρπώσασθαι
1244 3939 1264 3991 h

131 4019 159 4070 19
177 4020 215 4072 καὶ
232 4021 337 4087 δυνατὸς
358 4025 400 4080 bis
419 4026 456 4095 gh
512 4027 547 4080 20
567 4031 598 4096 τη
619 4043 670 4080 om.
691 4044 705 4079 ο
