3025 4975
215 427 284 491 654
623 419 788 473 lastinianus
807 416 967 471 Hormisdac

218 620 337 683 festam
364 616 426 682 feci
454 618 486 680 et
509 617 568 680 sub
596 634 648 679 me
677 613 821 679 ecclesiis
850 614 928 678 haec
956 613 1103 698 praedico
1130 612 1285 677 festinans
1314 632 1372 696 per

221 726 325 791 omnia
357 744 410 789 eas
442 723 584 805 mihique
618 723 651 786 et
669 724 807 786 ‘uestrae
840 720 1031 785 beatitudini
1063 720 1192 785 uinculo
1227 720 1370 787 caritatis

220 831 360 909 adunari,
386 849 464 913 quas
497 830 624 895 omnino
658 830 784 911 oportet
816 828 922 893 unitas
950 846 1020 893 esse
1049 832 1082 893 et
1107 826 1310 893 inuiolabilee
1339 829 1373 891 et

221 958 334 1021 corpus
376 956 477 1001 uuum
519 936 697 1000 communis
739 934 933 1019 apostolicae
975 934 1128 999 ecclesiae
1172 934 1371 1016 eundemque
1501 988 1502 1011 2

186 1042 371 1129 ⁴iperpetue
396 1043 567 1107 custodire.
599 1045 736 1125 quantus
765 1043 849 1106 enim
877 1043 960 1107 circa
987 1045 1128 1106 uestram
1155 1040 1371 1106 uenerabilem
1405 1063 1416 1101 r

220 1152 450 1216 fraternitatem
464 1149 496 1213 in
513 1150 659 1213 omnibus
674 1150 719 1213 sit
736 1168 834 1226 amor,
853 1150 960 1214 iubete
979 1148 1180 1232 perpendere,
1197 1148 1271 1231 quia
1290 1166 1372 1229 quos

220 1263 330 1322 uestra
353 1256 530 1338 apostolica
549 1255 639 1320 sedes
661 1255 872 1320 condemnans
890 1254 922 1319 in
942 1255 1040 1319 sacris
1060 1254 1219 1339 diptychis
1237 1254 1372 1318 recitare

221 1384 282 1428 nou
306 1362 412 1440 iussit,
441 1382 496 1428 eos
524 1381 583 1427 uec
612 1381 671 1447 ego
695 1362 777 1425 inter
800 1380 889 1426 sacra
916 1362 997 1427 facio
1027 1362 1180 1426 nominari
1208 1360 1371 1443 mysteria.

220 1470 283 1535 hoo
311 1472 417 1534 autem
446 1469 556 1534 ethis
584 1473 696 1534 notum
724 1472 784 1546 est,
816 1470 871 1551 qui
894 1487 913 1532 a
935 1469 1027 1533 uobis
1057 1472 1133 1533 sunt
1165 1468 1278 1533 directi
1310 1467 1373 1531 uiri

221 1576 481 1652 reuerentissimi‚
505 1576 538 1640 id
563 1578 612 1640 est
636 1574 792 1641 Germano
817 1576 1018 1641 sanctissimo
1043 1576 1203 1658 episcopo,
1222 1576 1322 1641 Felici
1342 1580 1374 1641 et
1396 1598 1418 1638 ro

221 1683 375 1748 Dioscoro
399 1683 583 1749 diaconibus
608 1686 640 1746 et
661 1682 784 1747 Blando
808 1684 1002 1766 presbytero,
1023 1684 1077 1765 qui
1098 1682 1269 1749 efficaciter
1287 1702 1373 1748 erse-

187 1789 289 1856 8outi
313 1792 389 1854 sunt
412 1808 458 1866 ea,
483 1808 564 1871 quae
583 1789 629 1853 eis
648 1792 724 1855 suut
742 1808 760 1852 a
778 1789 872 1853 uobis
891 1790 1042 1854 iniuncta,
1062 1793 1131 1855 oret
1148 1790 1247 1873 igitur
1266 1794 1373 1855 uestra

224 1898 374 1963 sanctitas
397 1899 463 1960 tam
485 1915 541 1979 pro
565 1916 616 1960 me
645 1916 742 1979 quam
765 1916 820 1979 pro
850 1896 1003 1962 subiectis
1031 1896 1112 1961 meis
1141 1896 1372 1974 sacerdotibus

222 2008 260 2068 ut
290 2005 442 2086 perpetue
475 2003 694 2067 custodiamur
725 2007 845 2067 rectam
873 2003 924 2067 dei
952 2006 1095 2067 tenentes
1128 2002 1371 2079 confessionem,

224 2108 372 2173 similiter
395 2111 426 2172 et
448 2128 505 2192 pro
530 2109 733 2173 serenissimo
753 2109 894 2192 principe
914 2112 1022 2174 nostro
1042 2112 1075 2173 et
1092 2129 1148 2193 pro
1168 2109 1374 2174 Christianis·
1395 2134 1419 2175 rs
1501 2186 1502 2201 χ

225 2216 305 2280 sima
328 2216 485 2299 Augusta,
510 2216 584 2297 quia
608 2236 715 2281 eorum
740 2217 828 2281 salus
853 2216 1031 2281 communis
1055 2220 1234 2281 sanctarum
1253 2216 1375 2299 ubique

190 2323 277 2387 best
299 2322 506 2387 ecelesiarum
525 2321 728 2404 profuturum
742 2322 1038 2397 fir<ma>merrtum
1054 2322 1150 2387 istam
1167 2323 1266 2407 igitur
1279 2322 1373 2387 nohis

224 2428 416 2493 habentibus
443 2427 653 2494 intentionem
682 2430 771 2495 nullo
799 2430 893 2495 modo
921 2431 986 2494 iam
1013 2428 1124 2495 licebit
1151 2434 1293 2495 sanctam
1322 2430 1376 2496 dei

226 2535 389 2599 dilacerari
404 2535 572 2600 ecclesiam
585 2555 641 2618 per
655 2537 789 2621 gretiam
805 2537 907 2602 sancti
926 2537 1057 2621 spiritus
1077 2541 1109 2602 et
1127 2537 1373 2602 intercessiones

169 2643 353 2706 lOsanctae
385 2661 422 2706 ac
457 2642 614 2724 gloriosae
648 2644 699 2708 dei
727 2645 897 2728 genetricis
926 2645 1059 2728 uirginis
1087 2645 1218 2710 Mariae.
1248 2663 1375 2709 omnem
1392 2673 1419 2712 eo

226 2767 305 2830 quae
334 2766 407 2812 cum
429 2750 543 2812 *uestra
569 2751 619 2812 est
652 2750 871 2824 (sanctitate)
900 2751 1129 2815 fraternitatem
1158 2769 1216 2834 ego
1246 2769 1374 2833 quoque

226 2857 259 2918 et
289 2853 352 2918 mei
383 2853 556 2934 plurimum
591 2855 780 2921 salutamus.
817 2875 857 2920 nr
890 2875 967 2920 asra
998 2875 1101 2921 raro:
1134 2857 1307 2922 Incolomis
1340 2857 1373 2920 in

225 2959 351 3024 domino
376 2978 430 3024 ora
447 2977 502 3042 pro
522 2961 625 3038 nobis,
645 2961 696 3025 dei
716 2966 838 3027 amator
860 2963 1062 3028 sanctissime
1080 2964 1186 3028 frater.
1232 2963 1374 3046 Accepta

222 3065 293 3129 XV.
317 3065 389 3130 Kal.
415 3066 542 3132 Octobr.
566 3068 712 3133 Rusticio
737 3088 767 3132 u.
794 3089 820 3134 c.
846 3089 930 3137 cous.

260 3256 426 3326 iidemque
450 3258 513 3312 edit.
543 3274 605 3328 rep..
630 3259 679 3314 ced
699 3262 748 3329 qui
766 3278 779 3314 e
794 3278 895 3332 praeco
917 3263 991 3318 hanc
1017 3264 1100 3317 uertit
1134 3265 1289 3332 epistelam,
1314 3269 1372 3320 tam

221 3345 313 3399 arulfo
334 3346 472 3414 peccauit,
500 3353 531 3401 ut
557 3348 629 3402 nihil
655 3351 820 3404 mataccrim
915 3355 931 3407 5
959 3357 1089 3424 perpetue
1121 3353 1162 3406 Vr
1186 3359 1316 3425 perpetuo
1346 3353 1373 3407 0²

224 3433 386 3503 'ldypticiis
409 3434 436 3487 V
521 3437 630 3490 recItari
651 3437 731 3491 Thiel
805 3441 838 3493 14
856 3444 985 3511 perpetue
1008 3439 1034 3494 V
1104 3443 1136 3496 17
1160 3443 1315 3497 firmentum
1340 3443 1371 3510 V,

220 3538 293 3575 corr.
313 3541 327 3573 o
393 3523 424 3578 18
444 3523 608 3579 habentibus
627 3525 667 3580 0²:
689 3527 847 3582 absentibus
872 3529 896 3582 V
959 3531 990 3584 21
1013 3547 1081 3600 quae
1101 3547 1160 3585 cum
1179 3533 1292 3602 carpsi:
1311 3535 1369 3604 qoi-

225 3625 337 3680 cumqne
367 3612 398 3696 V
424 3630 619 3684 quamcumque
646 3617 711 3671 Car.
788 3621 880 3672 uestra
908 3623 950 3673 est
970 3617 1148 3674 (sanctitate)
1168 3619 1370 3676 fraternitatem

218 3700 333 3766 scripsi:
353 3717 400 3753 ura
415 3687 434 3756 e
451 3701 622 3758 fraternitate
640 3705 670 3767 V,
691 3708 781 3777 uestre
800 3707 972 3762 fraternitate
988 3727 1013 3770 α,
1033 3712 1152 3764 uestram
1170 3709 1369 3765 fraternitatem

223 3787 291 3842 Gar.
346 3789 380 3842 22
399 3789 545 3845 incolomes
568 3793 595 3846 V
646 3796 681 3848 24
700 3789 781 3850 octub
807 3797 833 3852 V
