<?xml version="1.0" encoding="UTF-8"?>
<!DOCTYPE html PUBLIC "-//W3C//DTD XHTML 1.0 Transitional//EN"
    "http://www.w3.org/TR/xhtml1/DTD/xhtml1-transitional.dtd">
<html xmlns="http://www.w3.org/1999/xhtml" xml:lang="en" lang="en">
 <head>
  <title>
</title>
<meta http-equiv="Content-Type" content="text/html;charset=utf-8" />
  <meta name='ocr-system' content='tesseract 3.04.00' />
  <meta name='ocr-capabilities' content='ocr_page ocr_carea ocr_par ocr_line ocrx_word'/>
</head>
<body>
  <div class='ocr_page' id='page_1' title='image "./corpusscriptoru02wiengoog_0120.png"; bbox 0 0 3025 4975; ppageno 0'>
   <div class='ocr_carea' id='block_1_1' title="bbox 233 378 1099 451">
    <p class='ocr_par' dir='ltr' id='par_1_1' title="bbox 233 378 1099 451">
     <span class='ocr_line' id='line_1_1' title="bbox 233 378 1099 451; baseline -0.007 -10"><span class='ocrx_word' id='word_1_1' title='bbox 233 388 298 451; x_wconf 83' lang='grc'>600</span> <span class='ocrx_word' id='word_1_2' title='bbox 523 380 670 435; x_wconf 86' lang='lat' dir='ltr'>Hormisde</span> <span class='ocrx_word' id='word_1_3' title='bbox 688 380 812 444; x_wconf 79' lang='lat' dir='ltr'><strong>Iohanni,</strong></span> <span class='ocrx_word' id='word_1_4' title='bbox 833 378 928 445; x_wconf 80' lang='lat' dir='ltr'>Celeri,</span> <span class='ocrx_word' id='word_1_5' title='bbox 947 380 1099 435; x_wconf 82' lang='lat' dir='ltr'>Iustinieno</span> 
     </span>
    </p>
   </div>
   <div class='ocr_carea' id='block_1_2' title="bbox 751 576 860 661">
    <p class='ocr_par' dir='ltr' id='par_1_2' title="bbox 751 576 860 661">
     <span class='ocr_line' id='line_1_2' title="bbox 751 576 860 661; baseline 0 -20"><span class='ocrx_word' id='word_1_6' title='bbox 751 576 860 661; x_wconf 79' lang='lat' dir='ltr'>(rer.)</span> 
     </span>
    </p>
   </div>
   <div class='ocr_carea' id='block_1_3' title="bbox 187 702 1422 2173">
    <p class='ocr_par' dir='ltr' id='par_1_3' title="bbox 187 702 1422 2173">
     <span class='ocr_line' id='line_1_3' title="bbox 275 702 1377 783; baseline -0.001 -16"><span class='ocrx_word' id='word_1_7' title='bbox 275 722 433 767; x_wconf 78' lang='lat' dir='ltr'>nonrrsns</span> <span class='ocrx_word' id='word_1_8' title='bbox 454 722 589 768; x_wconf 77' lang='lat' dir='ltr'>ronrsrn</span> <span class='ocrx_word' id='word_1_9' title='bbox 607 721 759 767; x_wconf 79' lang='lat' dir='ltr'>unrocoeo</span> <span class='ocrx_word' id='word_1_10' title='bbox 785 720 1172 767; x_wconf 78' lang='lat' dir='ltr'>ccusrnurrrroeonrrnno.</span> <span class='ocrx_word' id='word_1_11' title='bbox 1218 702 1274 779; x_wconf 75' lang='lat' dir='ltr'>Ee,</span> <span class='ocrx_word' id='word_1_12' title='bbox 1298 720 1377 783; x_wconf 85' lang='lat' dir='ltr'>quae</span> 
     </span>
     <span class='ocr_line' id='line_1_4' title="bbox 232 792 1378 893; baseline -0.003 -18"><span class='ocrx_word' id='word_1_13' title='bbox 232 812 347 875; x_wconf 85' lang='lat' dir='ltr'>caritas</span> <span class='ocrx_word' id='word_1_14' title='bbox 369 812 427 875; x_wconf 85' lang='lat' dir='ltr'>tua</span> <span class='ocrx_word' id='word_1_15' title='bbox 450 810 616 875; x_wconf 85' lang='lat' dir='ltr'>destinatis</span> <span class='ocrx_word' id='word_1_16' title='bbox 639 810 756 875; x_wconf 84' lang='lat' dir='ltr'>litteris</span> <span class='ocrx_word' id='word_1_17' title='bbox 782 808 984 893; x_wconf 84' lang='lat' dir='ltr'>significauit,</span> <span class='ocrx_word' id='word_1_18' title='bbox 1008 809 1196 893; x_wconf 80' lang='lat' dir='ltr'>agnouimus</span> <span class='ocrx_word' id='word_1_19' title='bbox 1220 810 1253 873; x_wconf 92' lang='lat' dir='ltr'>et</span> <span class='ocrx_word' id='word_1_20' title='bbox 1271 792 1378 893; x_wconf 79' lang='lat' dir='ltr'>grutu-</span> 
     </span>
     <span class='ocr_line' id='line_1_5' title="bbox 229 914 1376 999; baseline -0.003 -17"><span class='ocrx_word' id='word_1_21' title='bbox 229 918 334 982; x_wconf 88' lang='lat' dir='ltr'>lamur</span> <span class='ocrx_word' id='word_1_22' title='bbox 362 917 402 981; x_wconf 86' lang='lat' dir='ltr'>nd</span> <span class='ocrx_word' id='word_1_23' title='bbox 425 914 653 982; x_wconf 79' lang='lat' dir='ltr'>conscientiam</span> <span class='ocrx_word' id='word_1_24' title='bbox 680 919 821 982; x_wconf 85' lang='lat' dir='ltr'>nostram</span> <span class='ocrx_word' id='word_1_25' title='bbox 845 914 918 980; x_wconf 90' lang='lat' dir='ltr'>fidei</span> <span class='ocrx_word' id='word_1_26' title='bbox 945 918 1019 980; x_wconf 85' lang='lat' dir='ltr'>tune</span> <span class='ocrx_word' id='word_1_27' title='bbox 1043 915 1160 981; x_wconf 86' lang='lat' dir='ltr'>indicia</span> <span class='ocrx_word' id='word_1_28' title='bbox 1182 914 1376 999; x_wconf 85' lang='lat' dir='ltr'>peruenisse,</span> 
     </span>
     <span class='ocr_line' id='line_1_6' title="bbox 232 1022 1420 1108; baseline -0.006 -18"><span class='ocrx_word' id='word_1_29' title='bbox 232 1026 387 1108; x_wconf 86' lang='lat' dir='ltr'>optantes,</span> <span class='ocrx_word' id='word_1_30' title='bbox 424 1026 462 1088; x_wconf 92' lang='lat' dir='ltr'>ut</span> <span class='ocrx_word' id='word_1_31' title='bbox 497 1022 665 1088; x_wconf 87' lang='lat' dir='ltr'>intentioni</span> <span class='ocrx_word' id='word_1_32' title='bbox 698 1026 784 1100; x_wconf 79' lang='lat' dir='ltr'>tuae,</span> <span class='ocrx_word' id='word_1_33' title='bbox 823 1042 917 1105; x_wconf 82' lang='lat' dir='ltr'>quem</span> <span class='ocrx_word' id='word_1_34' title='bbox 954 1026 1072 1087; x_wconf 86' lang='lat' dir='ltr'>rectam</span> <span class='ocrx_word' id='word_1_35' title='bbox 1109 1041 1180 1087; x_wconf 86' lang='lat' dir='ltr'>esse</span> <span class='ocrx_word' id='word_1_36' title='bbox 1218 1022 1377 1104; x_wconf 84' lang='lat' dir='ltr'>cupimus,</span> <span class='ocrx_word' id='word_1_37' title='bbox 1408 1043 1420 1082; x_wconf 78' lang='lat' dir='ltr'>s</span> 
     </span>
     <span class='ocr_line' id='line_1_7' title="bbox 229 1128 1378 1215; baseline 0 -22"><span class='ocrx_word' id='word_1_38' title='bbox 229 1131 360 1215; x_wconf 90' lang='lat' dir='ltr'>plenum</span> <span class='ocrx_word' id='word_1_39' title='bbox 397 1128 475 1195; x_wconf 89' lang='lat' dir='ltr'>deus</span> <span class='ocrx_word' id='word_1_40' title='bbox 513 1133 621 1195; x_wconf 90' lang='lat' dir='ltr'>noster</span> <span class='ocrx_word' id='word_1_41' title='bbox 657 1130 741 1195; x_wconf 84' lang='lat' dir='ltr'>circs</span> <span class='ocrx_word' id='word_1_42' title='bbox 778 1128 1027 1194; x_wconf 82' lang='lat' dir='ltr'>ecelesiasticam</span> <span class='ocrx_word' id='word_1_43' title='bbox 1062 1148 1173 1212; x_wconf 84' lang='lat' dir='ltr'>pacem</span> <span class='ocrx_word' id='word_1_44' title='bbox 1206 1128 1378 1195; x_wconf 80' lang='lat' dir='ltr'>concedere</span> 
     </span>
     <span class='ocr_line' id='line_1_8' title="bbox 231 1235 1378 1321; baseline -0.001 -20"><span class='ocrx_word' id='word_1_45' title='bbox 231 1236 379 1321; x_wconf 88' lang='lat' dir='ltr'>dignetur</span> <span class='ocrx_word' id='word_1_46' title='bbox 415 1236 573 1301; x_wconf 83' lang='lat' dir='ltr'>effectum.</span> <span class='ocrx_word' id='word_1_47' title='bbox 612 1236 704 1301; x_wconf 90' lang='lat' dir='ltr'>cuius</span> <span class='ocrx_word' id='word_1_48' title='bbox 743 1256 832 1319; x_wconf 92' lang='lat' dir='ltr'>spem</span> <span class='ocrx_word' id='word_1_49' title='bbox 869 1235 974 1302; x_wconf 81' lang='lat' dir='ltr'>animo</span> <span class='ocrx_word' id='word_1_50' title='bbox 1013 1255 1166 1319; x_wconf 81' lang='lat' dir='ltr'>supernae</span> <span class='ocrx_word' id='word_1_51' title='bbox 1198 1236 1378 1301; x_wconf 84' lang='lat' dir='ltr'>maiestatis</span> 
     </span>
     <span class='ocr_line' id='line_1_9' title="bbox 232 1341 1378 1428; baseline -0.003 -19"><span class='ocrx_word' id='word_1_52' title='bbox 232 1342 476 1426; x_wconf 82' lang='lat' dir='ltr'>assumpsimus,</span> <span class='ocrx_word' id='word_1_53' title='bbox 506 1343 581 1425; x_wconf 84' lang='lat' dir='ltr'>quin</span> <span class='ocrx_word' id='word_1_54' title='bbox 607 1345 831 1428; x_wconf 82' lang='lat' dir='ltr'>imperatorem</span> <span class='ocrx_word' id='word_1_55' title='bbox 860 1342 1099 1407; x_wconf 87' lang='lat' dir='ltr'>serenissimum</span> <span class='ocrx_word' id='word_1_56' title='bbox 1123 1342 1245 1407; x_wconf 84' lang='lat' dir='ltr'>adhoc</span> <span class='ocrx_word' id='word_1_57' title='bbox 1273 1341 1378 1425; x_wconf 90' lang='lat' dir='ltr'>proui-</span> 
     </span>
     <span class='ocr_line' id='line_1_10' title="bbox 231 1448 1379 1533; baseline 0 -20"><span class='ocrx_word' id='word_1_58' title='bbox 231 1448 337 1514; x_wconf 83' lang='lat' dir='ltr'>dentia</span> <span class='ocrx_word' id='word_1_59' title='bbox 374 1449 482 1514; x_wconf 83' lang='lat' dir='ltr'>diuina</span> <span class='ocrx_word' id='word_1_60' title='bbox 513 1449 693 1514; x_wconf 86' lang='lat' dir='ltr'>iudicamus</span> <span class='ocrx_word' id='word_1_61' title='bbox 726 1450 877 1526; x_wconf 86' lang='lat' dir='ltr'>electum,</span> <span class='ocrx_word' id='word_1_62' title='bbox 910 1454 948 1513; x_wconf 91' lang='lat' dir='ltr'>ut</span> <span class='ocrx_word' id='word_1_63' title='bbox 976 1468 1032 1533; x_wconf 91' lang='lat' dir='ltr'>per</span> <span class='ocrx_word' id='word_1_64' title='bbox 1064 1468 1137 1513; x_wconf 89' lang='lat' dir='ltr'>eum</span> <span class='ocrx_word' id='word_1_65' title='bbox 1170 1448 1379 1513; x_wconf 83' lang='lat' dir='ltr'>ecclesiarum</span> 
     </span>
     <span class='ocr_line' id='line_1_11' title="bbox 187 1555 1422 1642; baseline -0.008 -16"><span class='ocrx_word' id='word_1_66' title='bbox 187 1566 206 1627; x_wconf 86' lang='lat'>2</span> <span class='ocrx_word' id='word_1_67' title='bbox 229 1556 456 1640; x_wconf 82' lang='lat' dir='ltr'>redintegratio</span> <span class='ocrx_word' id='word_1_68' title='bbox 465 1558 562 1621; x_wconf 86' lang='lat' dir='ltr'>tantis</span> <span class='ocrx_word' id='word_1_69' title='bbox 578 1557 776 1642; x_wconf 73' lang='lat' dir='ltr'>temporibus</span> <span class='ocrx_word' id='word_1_70' title='bbox 788 1555 966 1621; x_wconf 83' lang='lat' dir='ltr'>desiderate</span> <span class='ocrx_word' id='word_1_71' title='bbox 979 1556 1154 1639; x_wconf 82' lang='lat' dir='ltr'>proueniat.</span> <span class='ocrx_word' id='word_1_72' title='bbox 1188 1556 1380 1639; x_wconf 84' lang='lat' dir='ltr'>quapropter</span> <span class='ocrx_word' id='word_1_73' title='bbox 1398 1577 1422 1618; x_wconf 84' lang='lat' dir='ltr'>ro</span> 
     </span>
     <span class='ocr_line' id='line_1_12' title="bbox 229 1661 1378 1746; baseline -0.001 -19"><span class='ocrx_word' id='word_1_74' title='bbox 229 1663 316 1741; x_wconf 86' lang='lat' dir='ltr'>licet,</span> <span class='ocrx_word' id='word_1_75' title='bbox 350 1683 430 1745; x_wconf 82' lang='lat' dir='ltr'>quae</span> <span class='ocrx_word' id='word_1_76' title='bbox 461 1683 517 1746; x_wconf 90' lang='lat' dir='ltr'>pro</span> <span class='ocrx_word' id='word_1_77' title='bbox 550 1663 623 1728; x_wconf 86' lang='lat' dir='ltr'>fidei</span> <span class='ocrx_word' id='word_1_78' title='bbox 660 1664 783 1728; x_wconf 83' lang='lat' dir='ltr'>unitate</span> <span class='ocrx_word' id='word_1_79' title='bbox 820 1662 964 1727; x_wconf 84' lang='lat' dir='ltr'>facienda</span> <span class='ocrx_word' id='word_1_80' title='bbox 1002 1666 1086 1742; x_wconf 83' lang='lat' dir='ltr'>sunt,</span> <span class='ocrx_word' id='word_1_81' title='bbox 1124 1664 1197 1727; x_wconf 88' lang='lat' dir='ltr'>tuae</span> <span class='ocrx_word' id='word_1_82' title='bbox 1235 1661 1378 1727; x_wconf 81' lang='lat' dir='ltr'>caritatis</span> 
     </span>
     <span class='ocr_line' id='line_1_13' title="bbox 230 1769 1378 1855; baseline 0 -22"><span class='ocrx_word' id='word_1_83' title='bbox 230 1769 376 1834; x_wconf 82' lang='lat' dir='ltr'>notitiem</span> <span class='ocrx_word' id='word_1_84' title='bbox 413 1770 511 1835; x_wconf 81' lang='lat' dir='ltr'>latere</span> <span class='ocrx_word' id='word_1_85' title='bbox 548 1790 609 1835; x_wconf 90' lang='lat' dir='ltr'>non</span> <span class='ocrx_word' id='word_1_86' title='bbox 641 1770 754 1853; x_wconf 81' lang='lat' dir='ltr'>possit,</span> <span class='ocrx_word' id='word_1_87' title='bbox 788 1770 912 1855; x_wconf 82' lang='lat' dir='ltr'>legatos</span> <span class='ocrx_word' id='word_1_88' title='bbox 947 1773 1053 1834; x_wconf 80' lang='lat' dir='ltr'>temen</span> <span class='ocrx_word' id='word_1_89' title='bbox 1088 1769 1268 1849; x_wconf 80' lang='lat' dir='ltr'>direximus,</span> <span class='ocrx_word' id='word_1_90' title='bbox 1298 1788 1378 1853; x_wconf 91' lang='lat' dir='ltr'>quos</span> 
     </span>
     <span class='ocr_line' id='line_1_14' title="bbox 230 1876 1378 1962; baseline 0 -23"><span class='ocrx_word' id='word_1_91' title='bbox 230 1877 310 1941; x_wconf 86' lang='lat' dir='ltr'>ratio</span> <span class='ocrx_word' id='word_1_92' title='bbox 335 1895 449 1941; x_wconf 82' lang='lat' dir='ltr'>causae</span> <span class='ocrx_word' id='word_1_93' title='bbox 472 1877 635 1962; x_wconf 85' lang='lat' dir='ltr'>poscebat,</span> <span class='ocrx_word' id='word_1_94' title='bbox 660 1877 778 1959; x_wconf 90' lang='lat' dir='ltr'>quibus</span> <span class='ocrx_word' id='word_1_95' title='bbox 802 1877 1003 1943; x_wconf 79' lang='lat' dir='ltr'>hortantibus</span> <span class='ocrx_word' id='word_1_96' title='bbox 1024 1880 1055 1941; x_wconf 91' lang='lat' dir='ltr'>et</span> <span class='ocrx_word' id='word_1_97' title='bbox 1074 1896 1153 1959; x_wconf 83' lang='lat' dir='ltr'>quoe</span> <span class='ocrx_word' id='word_1_98' title='bbox 1172 1878 1235 1941; x_wconf 83' lang='lat' dir='ltr'>iam</span> <span class='ocrx_word' id='word_1_99' title='bbox 1254 1876 1378 1958; x_wconf 89' lang='lat' dir='ltr'>pridem</span> 
     </span>
     <span class='ocr_line' id='line_1_15' title="bbox 231 1982 1379 2068; baseline 0.003 -22"><span class='ocrx_word' id='word_1_100' title='bbox 231 2002 249 2045; x_wconf 86' lang='lat' dir='ltr'>a</span> <span class='ocrx_word' id='word_1_101' title='bbox 275 1982 366 2047; x_wconf 90' lang='lat' dir='ltr'>nobis</span> <span class='ocrx_word' id='word_1_102' title='bbox 395 1983 574 2067; x_wconf 83' lang='lat' dir='ltr'>significatu</span> <span class='ocrx_word' id='word_1_103' title='bbox 598 1986 630 2047; x_wconf 92' lang='lat' dir='ltr'>et</span> <span class='ocrx_word' id='word_1_104' title='bbox 648 2003 728 2066; x_wconf 86' lang='lat' dir='ltr'>quae</span> <span class='ocrx_word' id='word_1_105' title='bbox 747 2004 848 2068; x_wconf 87' lang='lat' dir='ltr'>nuper</span> <span class='ocrx_word' id='word_1_106' title='bbox 871 1984 1033 2057; x_wconf 84' lang='lat' dir='ltr'>itera&lt;ta&gt;</span> <span class='ocrx_word' id='word_1_107' title='bbox 1058 1987 1141 2063; x_wconf 87' lang='lat' dir='ltr'>sunt,</span> <span class='ocrx_word' id='word_1_108' title='bbox 1167 1984 1207 2048; x_wconf 85' lang='lat' dir='ltr'>nd</span> <span class='ocrx_word' id='word_1_109' title='bbox 1230 1982 1379 2049; x_wconf 79' lang='lat' dir='ltr'>effectum</span> 
     </span>
     <span class='ocr_line' id='line_1_16' title="bbox 231 2086 1420 2173; baseline 0.005 -22"><span class='ocrx_word' id='word_1_110' title='bbox 231 2086 358 2154; x_wconf 91' lang='lat' dir='ltr'>domino</span> <span class='ocrx_word' id='word_1_111' title='bbox 382 2092 491 2153; x_wconf 86' lang='lat' dir='ltr'>nostro</span> <span class='ocrx_word' id='word_1_112' title='bbox 515 2093 642 2154; x_wconf 83' lang='lat' dir='ltr'>auctore</span> <span class='ocrx_word' id='word_1_113' title='bbox 666 2090 860 2173; x_wconf 81' lang='lat' dir='ltr'>perueniant.</span> <span class='ocrx_word' id='word_1_114' title='bbox 1398 2109 1420 2147; x_wconf 63' lang='grc' dir='ltr'>ιι</span> 
     </span>
    </p>
   </div>
   <div class='ocr_carea' id='block_1_4' title="bbox 185 2281 1502 4196">
    <p class='ocr_par' dir='ltr' id='par_1_4' title="bbox 185 2281 1502 4196">
     <span class='ocr_line' id='line_1_17' title="bbox 748 2281 857 2367; baseline 0.009 -21"><span class='ocrx_word' id='word_1_115' title='bbox 748 2281 857 2367; x_wconf 75' lang='lat'><strong>(152.)</strong></span> 
     </span>
     <span class='ocr_line' id='line_1_18' title="bbox 275 2406 1377 2493; baseline 0.002 -24"><span class='ocrx_word' id='word_1_116' title='bbox 275 2424 433 2470; x_wconf 76' lang='lat' dir='ltr'>nonmsnr</span> <span class='ocrx_word' id='word_1_117' title='bbox 466 2425 576 2470; x_wconf 79' lang='lat' dir='ltr'>censer</span> <span class='ocrx_word' id='word_1_118' title='bbox 607 2426 646 2470; x_wconf 86' lang='lat' dir='ltr'>nr</span> <span class='ocrx_word' id='word_1_119' title='bbox 678 2426 827 2471; x_wconf 76' lang='lat' dir='ltr'>enumero</span> <span class='ocrx_word' id='word_1_120' title='bbox 856 2428 878 2471; x_wconf 78' lang='lat' dir='ltr'>n</span> <span class='ocrx_word' id='word_1_121' title='bbox 904 2426 989 2475; x_wconf 79' lang='lat' dir='ltr'>rnnr.</span> <span class='ocrx_word' id='word_1_122' title='bbox 1042 2406 1195 2488; x_wconf 85' lang='lat' dir='ltr'>Quamuis</span> <span class='ocrx_word' id='word_1_123' title='bbox 1228 2427 1283 2493; x_wconf 90' lang='lat' dir='ltr'>pro</span> <span class='ocrx_word' id='word_1_124' title='bbox 1311 2407 1377 2472; x_wconf 92' lang='lat' dir='ltr'>loci</span> 
     </span>
     <span class='ocr_line' id='line_1_19' title="bbox 228 2512 1376 2580; baseline 0.003 -4"><span class='ocrx_word' id='word_1_125' title='bbox 228 2513 330 2577; x_wconf 82' lang='lat' dir='ltr'>nostri</span> <span class='ocrx_word' id='word_1_126' title='bbox 353 2512 605 2578; x_wconf 83' lang='lat' dir='ltr'>consideratione</span> <span class='ocrx_word' id='word_1_127' title='bbox 629 2513 667 2578; x_wconf 89' lang='lat' dir='ltr'>de</span> <span class='ocrx_word' id='word_1_128' title='bbox 691 2533 787 2578; x_wconf 80' lang='lat' dir='ltr'>causa</span> <span class='ocrx_word' id='word_1_129' title='bbox 809 2513 882 2578; x_wconf 87' lang='lat' dir='ltr'>fidei</span> <span class='ocrx_word' id='word_1_130' title='bbox 913 2513 1089 2580; x_wconf 83' lang='lat' dir='ltr'>catholicae</span> <span class='ocrx_word' id='word_1_131' title='bbox 1112 2515 1242 2580; x_wconf 91' lang='lat' dir='ltr'>minime</span> <span class='ocrx_word' id='word_1_132' title='bbox 1270 2519 1376 2580; x_wconf 84' lang='lat' dir='ltr'>tacere</span> 
     </span>
     <span class='ocr_line' id='line_1_20' title="bbox 228 2620 1502 2708; baseline 0.002 -23"><span class='ocrx_word' id='word_1_133' title='bbox 228 2620 401 2702; x_wconf 81' lang='lat' dir='ltr'>possimus,</span> <span class='ocrx_word' id='word_1_134' title='bbox 425 2623 530 2684; x_wconf 86' lang='lat' dir='ltr'>tamen</span> <span class='ocrx_word' id='word_1_135' title='bbox 555 2620 697 2686; x_wconf 78' lang='lat' dir='ltr'>adhunc</span> <span class='ocrx_word' id='word_1_136' title='bbox 725 2624 847 2703; x_wconf 83' lang='lat' dir='ltr'>partem</span> <span class='ocrx_word' id='word_1_137' title='bbox 880 2621 1102 2687; x_wconf 88' lang='lat' dir='ltr'>serenissimus</span> <span class='ocrx_word' id='word_1_138' title='bbox 1135 2621 1281 2706; x_wconf 90' lang='lat' dir='ltr'>princeps</span> <span class='ocrx_word' id='word_1_139' title='bbox 1311 2643 1376 2688; x_wconf 84' lang='lat' dir='ltr'>ma·</span> <span class='ocrx_word' id='word_1_140' title='bbox 1501 2693 1502 2708; x_wconf 12' lang='grc' dir='ltr'>χ</span> 
     </span>
     <span class='ocr_line' id='line_1_21' title="bbox 229 2721 1502 2813; baseline 0 -21"><span class='ocrx_word' id='word_1_141' title='bbox 229 2746 367 2810; x_wconf 82' lang='lat' dir='ltr'>gnopere</span> <span class='ocrx_word' id='word_1_142' title='bbox 391 2727 518 2792; x_wconf 88' lang='lat' dir='ltr'>directis</span> <span class='ocrx_word' id='word_1_143' title='bbox 543 2726 691 2793; x_wconf 83' lang='lat' dir='ltr'>affatibus</span> <span class='ocrx_word' id='word_1_144' title='bbox 714 2727 1020 2793; x_wconf 86' lang='lat' dir='ltr'>nostrumincitauit</span> <span class='ocrx_word' id='word_1_145' title='bbox 1039 2729 1192 2808; x_wconf 87' lang='lat' dir='ltr'>studium,</span> <span class='ocrx_word' id='word_1_146' title='bbox 1207 2749 1262 2813; x_wconf 89' lang='lat' dir='ltr'>pro</span> <span class='ocrx_word' id='word_1_147' title='bbox 1283 2730 1375 2795; x_wconf 90' lang='lat' dir='ltr'>cuius</span> <span class='ocrx_word' id='word_1_148' title='bbox 1393 2753 1419 2793; x_wconf 80' lang='lat' dir='ltr'>eo</span> <span class='ocrx_word' id='word_1_149' title='bbox 1501 2721 1502 2732; x_wconf 71' lang='grc'>’</span> 
     </span>
     <span class='ocr_line' id='line_1_22' title="bbox 185 2831 1374 2918; baseline 0.006 -25"><span class='ocrx_word' id='word_1_150' title='bbox 185 2831 204 2892; x_wconf 90' lang='grc'>2</span> <span class='ocrx_word' id='word_1_151' title='bbox 228 2835 352 2918; x_wconf 86' lang='lat' dir='ltr'>legatos</span> <span class='ocrx_word' id='word_1_152' title='bbox 366 2834 533 2899; x_wconf 87' lang='lat' dir='ltr'>uoluntate</span> <span class='ocrx_word' id='word_1_153' title='bbox 548 2833 732 2899; x_wconf 83' lang='lat' dir='ltr'>direximus.</span> <span class='ocrx_word' id='word_1_154' title='bbox 780 2836 811 2898; x_wconf 93' lang='lat' dir='ltr'>et</span> <span class='ocrx_word' id='word_1_155' title='bbox 827 2835 900 2917; x_wconf 84' lang='lat' dir='ltr'>quie</span> <span class='ocrx_word' id='word_1_156' title='bbox 918 2835 1103 2901; x_wconf 89' lang='lat' dir='ltr'>huiusmodi</span> <span class='ocrx_word' id='word_1_157' title='bbox 1122 2856 1218 2902; x_wconf 84' lang='lat' dir='ltr'>causa</span> <span class='ocrx_word' id='word_1_158' title='bbox 1236 2836 1374 2902; x_wconf 89' lang='lat' dir='ltr'>filiorum</span> 
     </span>
     <span class='ocr_line' id='line_1_23' title="bbox 228 2939 1376 3026; baseline 0.006 -23"><span class='ocrx_word' id='word_1_159' title='bbox 228 2939 381 3004; x_wconf 82' lang='lat' dir='ltr'>ecclesiae</span> <span class='ocrx_word' id='word_1_160' title='bbox 405 2940 567 3005; x_wconf 85' lang='lat' dir='ltr'>subleuari</span> <span class='ocrx_word' id='word_1_161' title='bbox 590 2939 685 3005; x_wconf 85' lang='lat' dir='ltr'>debet</span> <span class='ocrx_word' id='word_1_162' title='bbox 709 2940 836 3019; x_wconf 81' lang='lat' dir='ltr'>auxilio,</span> <span class='ocrx_word' id='word_1_163' title='bbox 858 2943 1033 3007; x_wconf 82' lang='lat' dir='ltr'>salutantes</span> <span class='ocrx_word' id='word_1_164' title='bbox 1053 2943 1143 3008; x_wconf 89' lang='lat' dir='ltr'>cultu</span> <span class='ocrx_word' id='word_1_165' title='bbox 1163 2947 1257 3026; x_wconf 88' lang='lat' dir='ltr'>atque</span> <span class='ocrx_word' id='word_1_166' title='bbox 1277 2943 1376 3010; x_wconf 91' lang='lat' dir='ltr'>hono·</span> 
     </span>
     <span class='ocr_line' id='line_1_24' title="bbox 226 3044 1375 3135; baseline 0.004 -27"><span class='ocrx_word' id='word_1_167' title='bbox 226 3044 381 3110; x_wconf 81' lang='lat' dir='ltr'>iificentis</span> <span class='ocrx_word' id='word_1_168' title='bbox 396 3045 588 3129; x_wconf 86' lang='lat' dir='ltr'>competenti</span> <span class='ocrx_word' id='word_1_169' title='bbox 606 3047 780 3131; x_wconf 87' lang='lat' dir='ltr'>poscimus,</span> <span class='ocrx_word' id='word_1_170' title='bbox 796 3051 833 3113; x_wconf 90' lang='lat' dir='ltr'>ut</span> <span class='ocrx_word' id='word_1_171' title='bbox 850 3067 907 3130; x_wconf 90' lang='lat' dir='ltr'>pro</span> <span class='ocrx_word' id='word_1_172' title='bbox 927 3049 1144 3115; x_wconf 83' lang='lat' dir='ltr'>ecclesiastica</span> <span class='ocrx_word' id='word_1_173' title='bbox 1161 3069 1238 3133; x_wconf 85' lang='lat' dir='ltr'>paee</span> <span class='ocrx_word' id='word_1_174' title='bbox 1258 3050 1375 3135; x_wconf 81' lang='lat' dir='ltr'>allega-</span> 
     </span>
     <span class='ocr_line' id='line_1_25' title="bbox 226 3152 1374 3236; baseline 0.004 -21"><span class='ocrx_word' id='word_1_175' title='bbox 226 3152 331 3216; x_wconf 87' lang='lat' dir='ltr'>tiones</span> <span class='ocrx_word' id='word_1_176' title='bbox 367 3171 486 3230; x_wconf 87' lang='lat' dir='ltr'>eorum,</span> <span class='ocrx_word' id='word_1_177' title='bbox 525 3153 580 3234; x_wconf 90' lang='lat' dir='ltr'>qui</span> <span class='ocrx_word' id='word_1_178' title='bbox 621 3153 732 3217; x_wconf 86' lang='lat' dir='ltr'>directi</span> <span class='ocrx_word' id='word_1_179' title='bbox 772 3157 856 3227; x_wconf 81' lang='lat' dir='ltr'>sunt,</span> <span class='ocrx_word' id='word_1_180' title='bbox 895 3154 978 3236; x_wconf 83' lang='lat' dir='ltr'>apud</span> <span class='ocrx_word' id='word_1_181' title='bbox 1015 3155 1136 3220; x_wconf 86' lang='lat' dir='ltr'>animos</span> <span class='ocrx_word' id='word_1_182' title='bbox 1180 3155 1374 3221; x_wconf 88' lang='lat' dir='ltr'>serenissimi</span> 
     </span>
     <span class='ocr_line' id='line_1_26' title="bbox 226 3256 1500 3350; baseline 0.004 -28"><span class='ocrx_word' id='word_1_183' title='bbox 226 3256 379 3340; x_wconf 90' lang='lat' dir='ltr'>principis</span> <span class='ocrx_word' id='word_1_184' title='bbox 403 3258 574 3324; x_wconf 83' lang='lat' dir='ltr'>adiunctis.</span> <span class='ocrx_word' id='word_1_185' title='bbox 600 3259 757 3343; x_wconf 90' lang='lat' dir='ltr'>siquidem</span> <span class='ocrx_word' id='word_1_186' title='bbox 782 3260 981 3326; x_wconf 84' lang='lat' dir='ltr'>celsitudinis</span> <span class='ocrx_word' id='word_1_187' title='bbox 1005 3263 1129 3326; x_wconf 81' lang='lat' dir='ltr'>uestrae</span> <span class='ocrx_word' id='word_1_188' title='bbox 1151 3261 1293 3327; x_wconf 85' lang='lat' dir='ltr'>laborem</span> <span class='ocrx_word' id='word_1_189' title='bbox 1313 3282 1373 3327; x_wconf 93' lang='lat' dir='ltr'>non</span> <span class='ocrx_word' id='word_1_190' title='bbox 1392 3285 1417 3326; x_wconf 79' lang='lat' dir='ltr'>es</span> <span class='ocrx_word' id='word_1_191' title='bbox 1499 3293 1500 3350; x_wconf 45' lang='grc' dir='ltr'><strong>ς</strong></span> 
     </span>
     <span class='ocr_line' id='line_1_27' title="bbox 263 3499 1373 3572; baseline 0.006 -18"><span class='ocrx_word' id='word_1_192' title='bbox 263 3499 327 3555; x_wconf 76' lang='grc'><strong>151.</strong></span> <span class='ocrx_word' id='word_1_193' title='bbox 363 3501 431 3555; x_wconf 76' lang='lat' dir='ltr'>Dae.</span> <span class='ocrx_word' id='word_1_194' title='bbox 442 3502 535 3572; x_wconf 75' lang='lat' dir='ltr'>(simul</span> <span class='ocrx_word' id='word_1_195' title='bbox 545 3519 605 3556; x_wconf 85' lang='lat' dir='ltr'>enm</span> <span class='ocrx_word' id='word_1_196' title='bbox 614 3519 655 3572; x_wconf 78' lang='lat' dir='ltr'>ep.</span> <span class='ocrx_word' id='word_1_197' title='bbox 664 3505 730 3568; x_wconf 79' lang='lat'><strong><em>154)</em></strong></span> <span class='ocrx_word' id='word_1_198' title='bbox 744 3521 770 3557; x_wconf 87' lang='lat' dir='ltr'>a.</span> <span class='ocrx_word' id='word_1_199' title='bbox 782 3505 835 3556; x_wconf 84' lang='lat'>519</span> <span class='ocrx_word' id='word_1_200' title='bbox 845 3519 933 3558; x_wconf 72' lang='lat' dir='ltr'>menne</span> <span class='ocrx_word' id='word_1_201' title='bbox 939 3505 1080 3559; x_wconf 83' lang='lat' dir='ltr'>Ianuario</span> <span class='ocrx_word' id='word_1_202' title='bbox 1090 3510 1203 3559; x_wconf 78' lang='lat' dir='ltr'>enennte</span> <span class='ocrx_word' id='word_1_203' title='bbox 1210 3506 1256 3560; x_wconf 81' lang='lat' dir='ltr'>nei</span> <span class='ocrx_word' id='word_1_204' title='bbox 1265 3505 1373 3560; x_wconf 72' lang='lat' dir='ltr'>Febru-</span> 
     </span>
     <span class='ocr_line' id='line_1_28' title="bbox 226 3589 1375 3664; baseline 0.006 -23"><span class='ocrx_word' id='word_1_205' title='bbox 226 3589 288 3642; x_wconf 80' lang='lat' dir='ltr'>ario</span> <span class='ocrx_word' id='word_1_206' title='bbox 302 3590 426 3656; x_wconf 63' lang='lat' dir='ltr'>inesmtm</span> <span class='ocrx_word' id='word_1_207' title='bbox 438 3591 582 3659; x_wconf 77' lang='lat' dir='ltr'>respondet</span> <span class='ocrx_word' id='word_1_208' title='bbox 605 3591 740 3660; x_wconf 78' lang='lat' dir='ltr'>epistulae</span> <span class='ocrx_word' id='word_1_209' title='bbox 759 3592 900 3646; x_wconf 81' lang='lat' dir='ltr'>Iohannis</span> <span class='ocrx_word' id='word_1_210' title='bbox 918 3592 1076 3662; x_wconf 82' lang='lat' dir='ltr'>deperditae</span> <span class='ocrx_word' id='word_1_211' title='bbox 1090 3594 1166 3648; x_wconf 82' lang='lat' dir='ltr'>cirea</span> <span class='ocrx_word' id='word_1_212' title='bbox 1174 3595 1261 3664; x_wconf 84' lang='lat' dir='ltr'>finem</span> <span class='ocrx_word' id='word_1_213' title='bbox 1276 3613 1302 3648; x_wconf 89' lang='lat' dir='ltr'>a.</span> <span class='ocrx_word' id='word_1_214' title='bbox 1321 3597 1375 3650; x_wconf 85' lang='grc'>518</span> 
     </span>
     <span class='ocr_line' id='line_1_29' title="bbox 226 3677 1375 3768; baseline 0.005 -36"><span class='ocrx_word' id='word_1_215' title='bbox 226 3683 309 3744; x_wconf 85' lang='lat' dir='ltr'>(certe</span> <span class='ocrx_word' id='word_1_216' title='bbox 313 3683 379 3745; x_wconf 78' lang='lat' dir='ltr'>poso</span> <span class='ocrx_word' id='word_1_217' title='bbox 391 3677 462 3732; x_wconf 83' lang='lat' dir='ltr'>diem</span> <span class='ocrx_word' id='word_1_218' title='bbox 475 3678 589 3749; x_wconf 75' lang='lat' dir='ltr'>rnept.)</span> <span class='ocrx_word' id='word_1_219' title='bbox 601 3681 729 3749; x_wconf 60' lang='lat' dir='ltr'>scriptae.</span> <span class='ocrx_word' id='word_1_220' title='bbox 786 3680 860 3734; x_wconf 76' lang='lat' dir='ltr'>Edd,</span> <span class='ocrx_word' id='word_1_221' title='bbox 875 3679 938 3735; x_wconf 85' lang='lat' dir='ltr'>Car.</span> <span class='ocrx_word' id='word_1_222' title='bbox 949 3681 981 3734; x_wconf 83' lang='lat'>1²</span> <span class='ocrx_word' id='word_1_223' title='bbox 993 3682 1144 3768; x_wconf 62' lang='lat' dir='ltr'>486;1{ur.</span> <span class='ocrx_word' id='word_1_224' title='bbox 1160 3684 1200 3738; x_wconf 82' lang='lat' dir='ltr'>ad</span> <span class='ocrx_word' id='word_1_225' title='bbox 1209 3701 1235 3738; x_wconf 85' lang='lat' dir='ltr'>a.</span> <span class='ocrx_word' id='word_1_226' title='bbox 1248 3687 1309 3748; x_wconf 82' lang='grc'><em>519,</em></span> <span class='ocrx_word' id='word_1_227' title='bbox 1326 3687 1375 3750; x_wconf 79' lang='grc'>21,·</span> 
     </span>
     <span class='ocr_line' id='line_1_30' title="bbox 226 3765 1376 3840; baseline 0.007 -21"><span class='ocrx_word' id='word_1_228' title='bbox 226 3766 335 3821; x_wconf 79' lang='lat' dir='ltr'>Collect.</span> <span class='ocrx_word' id='word_1_229' title='bbox 358 3765 476 3834; x_wconf 83' lang='lat' dir='ltr'>Concil.;</span> <span class='ocrx_word' id='word_1_230' title='bbox 494 3767 575 3822; x_wconf 81' lang='lat' dir='ltr'>BTA</span> <span class='ocrx_word' id='word_1_231' title='bbox 592 3769 615 3821; x_wconf 92' lang='lat' dir='ltr'><strong><em>I</em></strong></span> <span class='ocrx_word' id='word_1_232' title='bbox 633 3772 704 3834; x_wconf 76' lang='lat'><strong><em>419;</em></strong></span> <span class='ocrx_word' id='word_1_233' title='bbox 725 3769 805 3824; x_wconf 78' lang='lat' dir='ltr'>Tnier</span> <span class='ocrx_word' id='word_1_234' title='bbox 824 3771 891 3822; x_wconf 80' lang='grc'><em>849.</em></span> <span class='ocrx_word' id='word_1_235' title='bbox 939 3771 956 3823; x_wconf 88' lang='grc'>2</span> <span class='ocrx_word' id='word_1_236' title='bbox 975 3787 1123 3825; x_wconf 74' lang='lat' dir='ltr'>oonsrnnrr</span> <span class='ocrx_word' id='word_1_237' title='bbox 1147 3771 1173 3824; x_wconf 89' lang='lat' dir='ltr'><strong><em>V</em></strong></span> <span class='ocrx_word' id='word_1_238' title='bbox 1187 3772 1219 3826; x_wconf 82' lang='lat' dir='ltr'>in</span> <span class='ocrx_word' id='word_1_239' title='bbox 1236 3773 1292 3840; x_wconf 75' lang='lat' dir='ltr'>fine</span> <span class='ocrx_word' id='word_1_240' title='bbox 1304 3773 1376 3840; x_wconf 72' lang='lat' dir='ltr'>fotis*</span> 
     </span>
     <span class='ocr_line' id='line_1_31' title="bbox 224 3855 1375 3942; baseline 0.008 -35"><span class='ocrx_word' id='word_1_241' title='bbox 224 3857 294 3921; x_wconf 84' lang='lat'><em>129;</em></span> <span class='ocrx_word' id='word_1_242' title='bbox 322 3869 414 3908; x_wconf 72' lang='lat' dir='ltr'>noum</span> <span class='ocrx_word' id='word_1_243' title='bbox 439 3855 571 3910; x_wconf 78' lang='lat' dir='ltr'>librarius</span> <span class='ocrx_word' id='word_1_244' title='bbox 594 3856 660 3910; x_wconf 80' lang='lat' dir='ltr'>inde</span> <span class='ocrx_word' id='word_1_245' title='bbox 685 3873 704 3910; x_wconf 85' lang='lat' dir='ltr'><strong><em>a</em></strong></span> <span class='ocrx_word' id='word_1_246' title='bbox 727 3858 778 3942; x_wconf 60' lang='lat' dir='ltr'>sp}</span> <span class='ocrx_word' id='word_1_247' title='bbox 808 3861 866 3910; x_wconf 86' lang='lat'>130</span> <span class='ocrx_word' id='word_1_248' title='bbox 897 3857 1031 3942; x_wconf 52' lang='lat' dir='ltr'>incipiens</span> <span class='ocrx_word' id='word_1_249' title='bbox 1060 3859 1142 3914; x_wconf 81' lang='lat' dir='ltr'>initio</span> <span class='ocrx_word' id='word_1_250' title='bbox 1174 3861 1233 3915; x_wconf 79' lang='lat' dir='ltr'>eius</span> <span class='ocrx_word' id='word_1_251' title='bbox 1261 3865 1288 3914; x_wconf 83' lang='lat' dir='ltr'>et</span> <span class='ocrx_word' id='word_1_252' title='bbox 1316 3863 1375 3930; x_wconf 83' lang='lat' dir='ltr'>ipse</span> 
     </span>
     <span class='ocr_line' id='line_1_32' title="bbox 225 3942 1373 4016; baseline 0.008 -21"><span class='ocrx_word' id='word_1_253' title='bbox 225 3948 311 3996; x_wconf 78' lang='lat' dir='ltr'>totum</span> <span class='ocrx_word' id='word_1_254' title='bbox 330 3942 440 3996; x_wconf 80' lang='lat' dir='ltr'>titulum</span> <span class='ocrx_word' id='word_1_255' title='bbox 458 3960 594 3999; x_wconf 77' lang='lat' dir='ltr'>nomene</span> <span class='ocrx_word' id='word_1_256' title='bbox 612 3962 706 4000; x_wconf 76' lang='lat' dir='ltr'>roernn</span> <span class='ocrx_word' id='word_1_257' title='bbox 723 3963 774 4000; x_wconf 83' lang='lat' dir='ltr'>nro</span> <span class='ocrx_word' id='word_1_258' title='bbox 794 3963 1006 4001; x_wconf 79' lang='lat' dir='ltr'>cossrnsruroro</span> <span class='ocrx_word' id='word_1_259' title='bbox 1024 3949 1121 4016; x_wconf 80' lang='lat' dir='ltr'>repetit</span> <span class='ocrx_word' id='word_1_260' title='bbox 1167 3951 1201 4004; x_wconf 83' lang='lat'>12</span> <span class='ocrx_word' id='word_1_261' title='bbox 1219 3950 1322 4004; x_wconf 75' lang='lat' dir='ltr'>noticia</span> <span class='ocrx_word' id='word_1_262' title='bbox 1341 3949 1373 4015; x_wconf 80' lang='lat' dir='ltr'>V,</span> 
     </span>
     <span class='ocr_line' id='line_1_33' title="bbox 225 4029 1210 4101; baseline 0.007 -17"><span class='ocrx_word' id='word_1_263' title='bbox 225 4046 295 4085; x_wconf 81' lang='lat' dir='ltr'>corr.</span> <span class='ocrx_word' id='word_1_264' title='bbox 316 4029 343 4100; x_wconf 79' lang='lat' dir='ltr'>p²</span> <span class='ocrx_word' id='word_1_265' title='bbox 414 4032 553 4101; x_wconf 86' lang='lat' dir='ltr'>possiuto</span> <span class='ocrx_word' id='word_1_266' title='bbox 609 4034 815 4088; x_wconf 72' lang='lat' dir='ltr'>monentibus</span> <span class='ocrx_word' id='word_1_267' title='bbox 839 4034 866 4089; x_wconf 86' lang='lat' dir='ltr'><em>V</em></span> <span class='ocrx_word' id='word_1_268' title='bbox 914 4037 946 4090; x_wconf 81' lang='lat'>14</span> <span class='ocrx_word' id='word_1_269' title='bbox 965 4035 1034 4090; x_wconf 84' lang='lat' dir='ltr'>itera</span> <span class='ocrx_word' id='word_1_270' title='bbox 1057 4036 1089 4100; x_wconf 85' lang='lat' dir='ltr'>V,</span> <span class='ocrx_word' id='word_1_271' title='bbox 1109 4053 1210 4092; x_wconf 67' lang='lat' dir='ltr'>eorm</span> 
     </span>
     <span class='ocr_line' id='line_1_34' title="bbox 260 4119 1373 4196; baseline 0.006 -21"><span class='ocrx_word' id='word_1_272' title='bbox 260 4119 326 4175; x_wconf 75' lang='lat'>152.</span> <span class='ocrx_word' id='word_1_273' title='bbox 380 4120 449 4175; x_wconf 82' lang='lat' dir='ltr'>Dat.</span> <span class='ocrx_word' id='word_1_274' title='bbox 468 4127 500 4175; x_wconf 84' lang='lat' dir='ltr'>nt</span> <span class='ocrx_word' id='word_1_275' title='bbox 518 4139 558 4190; x_wconf 87' lang='lat' dir='ltr'>ep.</span> <span class='ocrx_word' id='word_1_276' title='bbox 578 4126 642 4178; x_wconf 75' lang='lat'><strong><em>148.</em></strong></span> <span class='ocrx_word' id='word_1_277' title='bbox 706 4125 781 4178; x_wconf 83' lang='lat' dir='ltr'>Edd.</span> <span class='ocrx_word' id='word_1_278' title='bbox 805 4123 868 4180; x_wconf 78' lang='lat' dir='ltr'>Gar.</span> <span class='ocrx_word' id='word_1_279' title='bbox 887 4121 919 4178; x_wconf 87' lang='lat'>1²</span> <span class='ocrx_word' id='word_1_280' title='bbox 939 4129 1013 4193; x_wconf 64' lang='lat'>48&amp;</span> <span class='ocrx_word' id='word_1_281' title='bbox 1035 4127 1104 4180; x_wconf 84' lang='lat' dir='ltr'>Bar.</span> <span class='ocrx_word' id='word_1_282' title='bbox 1132 4127 1171 4182; x_wconf 87' lang='lat' dir='ltr'>ad</span> <span class='ocrx_word' id='word_1_283' title='bbox 1189 4143 1216 4181; x_wconf 87' lang='lat' dir='ltr'>a.</span> <span class='ocrx_word' id='word_1_284' title='bbox 1238 4131 1300 4192; x_wconf 83' lang='lat'><em>519,</em></span> <span class='ocrx_word' id='word_1_285' title='bbox 1320 4131 1373 4196; x_wconf 76' lang='lat'>28,-</span> 
     </span>
    </p>
   </div>
   <div class='ocr_carea' id='block_1_5' title="bbox 224 4201 1371 4375">
    <p class='ocr_par' dir='ltr' id='par_1_5' title="bbox 224 4201 1371 4375">
     <span class='ocr_line' id='line_1_35' title="bbox 227 4201 1371 4286; baseline 0.006 -22"><span class='ocrx_word' id='word_1_286' title='bbox 227 4209 336 4264; x_wconf 71' lang='lat' dir='ltr'>Gesner.</span> <span class='ocrx_word' id='word_1_287' title='bbox 358 4209 702 4280; x_wconf 68' lang='lat' dir='ltr'>0m1.‚·BTA1420;</span> <span class='ocrx_word' id='word_1_288' title='bbox 724 4212 803 4267; x_wconf 69' lang='lat' dir='ltr'>rnen</span> <span class='ocrx_word' id='word_1_289' title='bbox 821 4217 888 4268; x_wconf 78' lang='lat' dir='ltr'>err.</span> <span class='ocrx_word' id='word_1_290' title='bbox 982 4217 1014 4270; x_wconf 81' lang='lat'>17</span> <span class='ocrx_word' id='word_1_291' title='bbox 1033 4201 1141 4271; x_wconf 60' lang='lat' dir='ltr'>niv</span> <span class='ocrx_word' id='word_1_292' title='bbox 1157 4219 1202 4283; x_wconf 86' lang='lat'>(=</span> <span class='ocrx_word' id='word_1_293' title='bbox 1222 4217 1333 4286; x_wconf 71' lang='lat' dir='ltr'>pannus</span> <span class='ocrx_word' id='word_1_294' title='bbox 1347 4219 1371 4286; x_wconf 78' lang='lat' dir='ltr'>e)</span> 
     </span>
     <span class='ocr_line' id='line_1_36' title="bbox 224 4296 1311 4375; baseline 0.007 -24"><span class='ocrx_word' id='word_1_295' title='bbox 224 4296 396 4352; x_wconf 66' lang='lat' dir='ltr'>domatibus</span> <span class='ocrx_word' id='word_1_296' title='bbox 420 4297 446 4351; x_wconf 89' lang='lat' dir='ltr'><strong><em>V</em></strong></span> <span class='ocrx_word' id='word_1_297' title='bbox 498 4300 532 4352; x_wconf 88' lang='grc'>22</span> <span class='ocrx_word' id='word_1_298' title='bbox 551 4301 702 4355; x_wconf 74' lang='lat' dir='ltr'>salutantes</span> <span class='ocrx_word' id='word_1_299' title='bbox 715 4302 879 4358; x_wconf 73' lang='lat' dir='ltr'>&lt;nossBun</span> <span class='ocrx_word' id='word_1_300' title='bbox 934 4302 969 4356; x_wconf 79' lang='lat'>23</span> <span class='ocrx_word' id='word_1_301' title='bbox 988 4305 1122 4374; x_wconf 86' lang='lat' dir='ltr'>possimus</span> <span class='ocrx_word' id='word_1_302' title='bbox 1144 4305 1175 4370; x_wconf 78' lang='lat' dir='ltr'>V,</span> <span class='ocrx_word' id='word_1_303' title='bbox 1193 4321 1263 4360; x_wconf 83' lang='lat' dir='ltr'>corr.</span> <span class='ocrx_word' id='word_1_304' title='bbox 1284 4305 1311 4375; x_wconf 65' lang='grc' dir='ltr'>ρ2</span> 
     </span>
    </p>
   </div>
   <div class='ocr_carea' id='block_1_6' title="bbox 0 0 1518 4975">
    <p class='ocr_par' dir='ltr' id='par_1_6' title="bbox 0 0 1518 4975">
     <span class='ocr_line' id='line_1_37' title="bbox 0 0 1518 4975; baseline 0 1"><span class='ocrx_word' id='word_1_305' title='bbox 0 0 1518 4975; x_wconf 95' lang='lat' dir='ltr'> </span> 
     </span>
    </p>
   </div>
  </div>
 </body>
</html>
