3025 4975
428 483 513 553 Epist.
535 483 769 539 CCXXXV11112
789 517 822 525 —
843 485 984 541 ccxxix
1002 489 1027 544 2.
1231 495 1295 557 739

155 678 305 742 sacrificia
343 683 418 742 sunt
455 679 572 744 diuina.
610 687 772 763 praeterea
810 683 990 764 gratissime
1028 668 1173 761 tulimus,
1211 687 1339 767 quodi

155 785 288 849 Iohanne
330 787 424 851 fratre
468 789 499 849 et
541 788 727 872 coepiscopo
771 794 877 854 nostro
915 809 972 854 nec
1009 811 1070 855 non
1108 792 1295 857 Heracliano

154 891 333 975 presbytero
359 896 452 975 atque
478 893 685 959 Constantino
709 895 786 959 filiis
810 897 927 960 nostris
951 899 1154 962 internuntiis
1173 919 1296 981 promo·

155 999 268 1062 tionem
298 999 440 1064 caritatis
469 1005 543 1065 tuae
572 1003 794 1085 cognouimus,
824 1022 885 1084 qua
913 1023 982 1066 esse
1016 1005 1136 1086 aliquid
1170 1006 1295 1070 dulcius

131 1125 211 1169 anon
244 1110 405 1188 putamus,
440 1109 471 1170 et
504 1126 575 1171 cum
609 1112 640 1170 te
673 1109 827 1191 praedicti
860 1110 932 1184 uiri,
967 1111 1026 1174 etsi
1058 1131 1113 1193 pro
1143 1113 1295 1195 obsequio

156 1217 300 1295 srrscepto
324 1214 472 1281 facerent.
498 1235 558 1280 non
582 1223 686 1279 tamen
712 1219 832 1280 ratione
855 1217 1030 1294 laudarent,
1049 1218 1134 1282 beati
1154 1219 1296 1282 omnium

156 1337 272 1396 sumus,
295 1320 379 1402 quod
400 1321 512 1405 dignae
531 1322 576 1385 rei
595 1323 726 1386 nuntius
750 1323 866 1388 relator
889 1324 1003 1407 dignus
1028 1325 1162 1401 extabat,
1183 1330 1218 1390 ui
1238 1325 1296 1388 tibi

156 1425 390 1490 absolutissime
416 1427 654 1511 delegatorum
678 1429 801 1493 meritis
825 1430 969 1511 probatio
995 1431 1037 1494 sit
1059 1432 1197 1496 honoris.
1257 1451 1296 1494 nn
1320 1439 1339 1502 5

155 1551 235 1596 ussa
254 1553 378 1597 rnrrrn:
400 1531 605 1616 Suscepirnus
626 1535 756 1599 calicem
777 1555 907 1600 aureum
927 1542 1133 1620 gemmatum,
1148 1541 1295 1620 patenam

121 1661 140 1699 n
157 1643 333 1723 argenteam
357 1643 388 1704 et
412 1641 509 1705 alium
535 1643 666 1706 calicem
690 1645 875 1726 argenteum
896 1645 926 1706 et
946 1644 1018 1707 uela
1037 1643 1098 1708 duo
1118 1644 1294 1708 ministerio

156 1745 300 1811 basilicae
325 1747 409 1810 beati
433 1747 520 1811 Petri
544 1750 682 1829 apostoli
705 1749 871 1832 profutura
895 1770 912 1812 a
936 1751 1065 1814 caritate
1088 1754 1144 1814 tuo
1167 1751 1295 1815 directa.

156 1852 233 1917 Data
256 1853 328 1918 Vll.
352 1853 425 1918 Kal,
450 1857 525 1936 Apr.
550 1853 677 1921 Ualerio
703 1875 788 1920 cons.

669 2099 777 2183 (aro.)

198 2259 351 2304 nomrsun
392 2259 513 2304 arnono
557 2260 967 2306 cossanurrsroronrraunn.
999 2263 1039 2307 un
1082 2264 1293 2310 ouonunmoun

120 2367 315 2412 rar-:erearum
343 2366 496 2412 urrscorr.
566 2349 708 2412 Fratrem
737 2353 770 2412 ot
798 2349 1022 2431 coepiscopum
1050 2356 1194 2416 nostrum
1222 2353 1294 2435 Epi-

156 2455 301 2537 phanium
330 2453 413 2537 apud
441 2453 660 2519 felicissimam
690 2455 746 2519 deo
776 2455 902 2520 fauente
932 2457 1239 2541 Constantinopolim
1261 2460 1293 2524 in

157 2562 290 2626 officium
318 2562 458 2627 muneris
488 2562 692 2627 sacerdotalis
722 2563 928 2644 adsumptum
956 2567 1140 2646 peruenisse
1169 2566 1208 2630 ad
1236 2587 1293 2631 nos

156 2668 343 2733 fraternitate
372 2672 480 2731 uestra
506 2670 660 2733 referente
688 2668 876 2752 gaudemus,
901 2672 975 2751 quia
999 2674 1120 2755 gratius
1146 2674 1294 2756 quodam-

157 2776 243 2840 modo
273 2774 492 2857 suscipiuntur
514 2775 641 2851 indicia,
666 2795 745 2858 quae
771 2776 1000 2859 significauerit
1023 2782 1127 2842 amata
1149 2800 1292 2861 persona,

20 2964 21 2969 ἵ
120 2910 140 2947 ao
159 2884 187 2945 et
221 2886 309 2946 tanto
348 2882 451 2946 maius
489 2902 544 2963 pro
583 2883 773 2947 auctoritate
809 2884 912 2947 nuntii
950 2886 1092 2949 nascitur
1129 2888 1292 2970 gaudium,

157 2992 265 3068 cruento
304 3008 364 3053 non
406 2992 454 3053 est
491 2989 575 3071 quod
613 2990 651 3053 de
689 2991 874 3055 testimonio
913 2992 1104 3073 disputetur.
1144 2995 1189 3058 sio
1228 2995 1336 3058 erat2

157 3112 336 3178 congruum,
365 3095 525 3159 karissimi
555 3096 656 3171 nobis,
682 3098 727 3160 sic
753 3116 787 3159 se
812 3097 894 3160 circa
917 3100 1093 3180 proximum
1116 3101 1293 3182 patefacere

157 3200 281 3267 decebat
305 3204 464 3277 allectum,
490 3206 526 3267 ut
549 3222 605 3287 per
623 3222 681 3267 uos
702 3204 768 3266 sedi
789 3204 982 3285 apostolicae
1001 3205 1188 3284 innotescat,
1209 3209 1293 3289 quod

156 3310 290 3374 moribus
311 3314 343 3374 et
363 3309 530 3374 sanctitate
549 3309 696 3393 fulgeret,
717 3310 802 3393 quod
820 3331 922 3392 usque
943 3312 1019 3376 adeo
1040 3332 1073 3377 se
1094 3312 1169 3377 oiim
1189 3314 1280 3377 bonis

119 3416 236 3479 sesicut
269 3421 301 3481 et
334 3436 392 3481 uos
427 3416 580 3495 asseritis
613 3416 729 3481 imbuit
756 3418 924 3494 institutis,
955 3423 990 3482 ut
1018 3438 1078 3483 non
1109 3421 1152 3483 sit
1177 3420 1291 3483 fortius

155 3523 254 3587 meriti
287 3524 506 3587 testimonium
541 3544 634 3605 quam
667 3525 698 3588 in
732 3520 892 3589 lronorem'
916 3526 1089 3590 sacerdotis
1121 3526 1290 3591 adscitum.

157 3628 227 3709 quid
255 3632 305 3695 est
334 3631 427 3707 enim,
458 3632 543 3713 quod
572 3632 609 3695 de
639 3652 674 3697 eo
704 3632 858 3697 habeatur
885 3634 1082 3716 ambiguum,
1111 3634 1227 3715 inquo
1253 3632 1290 3695 de

189 3940 329 3993 2i0honni
348 3940 424 3995 fratri
448 3942 478 4007 V,
498 3944 604 3997 correxi
667 3943 865 3997 3intemuncii
889 3943 919 4007 V,
939 3960 1041 4012 corno
1095 3946 1291 4014 promotionem

155 4030 447 4096 &pronunciationem
467 4046 535 4086 corr.
560 4032 583 4083 V
638 4035 653 4085 6
672 4036 711 4085 trin
736 4032 772 4086 V:
790 4036 897 4085 tantum
920 4034 982 4086 Car.

188 4132 250 4189 240.
300 4134 370 4188 Dat.
389 4141 421 4187 rot
439 4152 478 4203 ep.
499 4139 565 4189 230.
623 4136 696 4191 an.
720 4137 784 4191 Car.
803 4136 833 4190 1²
854 4140 924 4204 550;
945 4139 1051 4192 Collect.
1075 4140 1193 4206 (rovocare
1210 4140 1291 4193 BTA

155 4219 173 4272 I
190 4225 258 4288 aul,-
280 4224 361 4277 Tiriel
381 4226 454 4291 966;
473 4232 661 4279 corrrrncrrrorat
680 4226 751 4279 Bar.
772 4226 810 4279 ud
829 4244 855 4279 α,
875 4232 935 4291 521,
958 4231 983 4281 6.
1048 4230 1081 4281 14
1100 4246 1292 4282 cossamrrso-

153 4324 275 4365 rourmro
301 4312 331 4375 V,
352 4328 455 4382 corap
494 4315 526 4366 16
546 4314 731 4367 felicissimum
756 4314 787 4378 V,
806 4332 910 4385 comp
952 4318 984 4369 21
1006 4316 1078 4385 quod
1100 4318 1178 4372 Car:
1197 4334 1249 4386 quo
1269 4318 1294 4368 l'

154 4398 186 4451 26
204 4402 305 4454 meritis
328 4401 391 4455 Car.
