3025 4975
492 443 580 514 Epist.
601 440 801 498 CCXXXXIIII
820 443 934 497 73—79.
1228 445 1291 509 765

148 638 259 721 loseph
288 638 488 720 interpretari
516 657 577 703 non
607 639 835 721 possitneque
859 657 968 702 rursus
993 642 1150 702 extremus
1174 637 1288 720 loseph

148 744 230 808 iusta
272 745 533 828 compositionem
575 746 738 810 rationalis
784 746 881 809 inseri
928 745 1052 822 debeat,
1097 745 1159 810 nisi
1205 746 1290 827 quod

146 853 365 917 tantummodo
384 854 574 918 necessitate
593 857 850 936 praeposteratus
871 853 923 931 sit,
943 857 989 930 ut,
1011 872 1084 918 cum
1103 853 1289 917 undecimus

146 958 306 1033 habeatur,
333 959 385 1024 hic
408 964 589 1024 numeretur
613 960 822 1026 duodecimus
851 961 939 1024 iuxta
963 967 1129 1043 cogentem
1152 959 1289 1025 necessi-

119 1088 130 1126 t
146 1069 241 1128 tatem
257 1067 495 1148 compositionis
511 1067 607 1131 huius
626 1067 761 1144 numeri,
780 1086 875 1148 quam
890 1068 1090 1150 repperimus
1107 1065 1288 1135 ordinatam.

146 1172 174 1235 in
203 1172 324 1238 Graeca
353 1174 468 1256 quippe
495 1174 667 1252 locutione,
697 1193 777 1256 quae
805 1194 841 1238 er
868 1174 1016 1238 Hebraea
1042 1175 1197 1238 translata
1229 1176 1287 1239 est,
1300 1164 1341 1228 77

147 1280 334 1362 onychinum
367 1280 505 1362 lapidem
538 1280 761 1346 duodecimum
794 1281 975 1345 inuenimus
1013 1279 1156 1363 positum
1193 1283 1288 1362 atque

145 1387 364 1463 nouissimum,
397 1387 444 1450 ita
479 1390 516 1450 ut
551 1387 716 1451 Beniamin
755 1387 1055 1469 contemplationem
1096 1386 1147 1450 sui
1182 1385 1288 1449 modis

146 1493 288 1558 omnibus
309 1493 692 1569 adtr·ahat;.undecin1um
712 1513 789 1559 uero
806 1495 987 1558 inuenimus
1006 1493 1173 1574 beryllum,
1193 1511 1285 1574 quem

107 1623 129 1660 ιο
147 1603 175 1663 et
197 1600 364 1666 undecimo
389 1602 504 1684 loseph
529 1604 592 1665 tam
617 1601 705 1664 iuxta
727 1621 895 1666 numerum
919 1620 1014 1683 quarn
1038 1600 1126 1664 iuxta
1149 1603 1286 1664 contem·

144 1707 311 1788 plationem
329 1711 557 1790 consequenter
571 1707 763 1790 aptauimus
774 1708 980 1790 inspicientes
992 1710 1087 1771 etiam
1099 1707 1285 1770 Hebraioam
1298 1707 1341 1770 78

143 1815 293 1890 lixorium,
327 1815 358 1878 in
391 1835 454 1897 qua
486 1817 518 1880 et
550 1816 599 1880 len
632 1816 784 1898 probatur
811 1815 980 1898 adscripta,
1009 1816 1218 1899 legentesque
1247 1813 1285 1878 de

142 1922 286 1985 rationali
319 1923 389 2000 hoc,
423 1923 453 1986 in
493 1941 554 2005 qrro
594 1923 676 1986 clusi
714 1924 803 1986 erant
837 1921 894 1987 isti
931 1921 1066 2004 lapides,
1102 1921 1285 1985 inuenimus
1348 1913 1352 1918 ’

144 2029 331 2111 onychinum
359 2030 496 2113 lapidem
516 2025 614 2093 'aliter
637 2029 834 2093 ordinatum:
858 2027 1046 2092 undecimus
1070 2028 1195 2110 positus
1219 2032 1286 2092 erat

104 2155 126 2191 n
144 2139 173 2198 et
197 2135 340 2218 beryllus
370 2136 577 2201 duodecimus
607 2139 701 2219 atque
729 2139 920 2220 postremus.
950 2134 1033 2199 unde
1055 2135 1284 2217 propemodum

142 2241 228 2305 nobis
253 2242 447 2326 ambiguitas
471 2246 540 2307 orta
559 2245 609 2308 ost
626 2241 891 2325 impedimentum
909 2242 1146 2326 intellegentiae
1164 2241 1282 2305 faciens

143 2349 240 2412 ueluti
273 2348 379 2413 fictam
413 2351 709 2433 contemplationem
742 2369 800 2412 nos
832 2348 864 2413 iu
898 2348 1022 2413 duobus
1055 2348 1138 2425 istis,
1173 2347 1283 2431 berylli

143 2454 207 2519 dico
238 2457 271 2521 et
299 2457 456 2539 onychini,
488 2457 648 2541 lapidibus
682 2456 841 2533 attulisse,
875 2457 1092 2539 dicebamque,
1126 2455 1282 2537 quomodo

142 2562 171 2625 in
194 2564 481 2645 supplicationibus
507 2570 538 2629 et
561 2566 700 2630 oratioue
725 2566 875 2629 continua
899 2567 1026 2646 poterat
1049 2582 1132 2627 error
1156 2562 1281 2639 oboriri,

104 2688 126 2725 a
144 2678 172 2732 et
198 2670 348 2745 intellexi,
378 2673 462 2753 quod
491 2672 693 2754 dispensante
722 2672 779 2735 deo
809 2672 869 2735 hoc
896 2671 943 2733 ita
970 2673 1134 2751 peractum
1163 2673 1221 2745 est,
1246 2674 1283 2733 ut

143 2776 221 2839 idem
245 2778 361 2860 loseph
380 2778 567 2843 undecimus
586 2779 667 2843 inter
685 2780 798 2843 batres
819 2798 894 2843 suos
914 2779 1052 2842 existens
1073 2778 1282 2841 duodecimus

143 2882 332 2948 inueniretur
354 2886 440 2949 iuxta
465 2886 727 2969 compositionem
751 2886 847 2949 huius
872 2884 1005 2962 numeri,
1031 2884 1084 2965 qui
1109 2904 1182 2948 eum
1206 2884 1282 2947 duo-

145 2988 295 3055 decimum
316 3010 386 3057 esse
406 2993 589 3071 declarauit,
609 3012 681 3057 orum
707 2992 841 3057 diceret:
866 2992 1014 3073 Ioseph
1039 2994 1172 3055 autem
1196 2994 1283 3054 erat

144 3096 178 3160 in
208 3097 403 3183 Aegypto.
438 3100 573 3165 scientes
605 3101 713 3181 itaque
746 3099 981 3183 dispensatione
1015 3098 1123 3161 diuina
1154 3093 1336 3180 propteri'b

108 3218 129 3257 a
145 3204 282 3269 ueritatis
306 3206 589 3288 contemplationes
612 3206 725 3289 berylli
747 3205 856 3287 lapidi,
882 3224 961 3287 quae
984 3204 1016 3267 iu
1041 3203 1147 3284 ipsum
1165 3203 1280 3284 loseph

147 3312 308 3391 explentur,
347 3314 498 3395 coaptari,
537 3314 583 3377 sic
621 3318 670 3376 est
708 3312 910 3395 dispositum,
948 3314 986 3375 ut
1021 3310 1161 3393 beryllus
1198 3310 1279 3390 lapis

148 3414 343 3483 duodecimus
371 3424 541 3501 poneretur
568 3424 600 3485 et
628 3420 773 3484 ultimus.
802 3440 875 3483 nam
899 3423 932 3483 et
954 3419 1079 3500 loseph,
1104 3436 1177 3480 cum
1201 3416 1281 3479 inter

149 3519 247 3587 iratres
271 3526 457 3591 undecimus
482 3546 551 3591 esse
571 3531 775 3600 memoratur,
795 3527 825 3589 in
846 3526 905 3589 hac
924 3530 1029 3588 tamen
1050 3523 1279 3605 compositione

150 3630 258 3692 numeri
290 3634 482 3715 egressionis
515 3634 652 3699 filiorum
685 3634 784 3698 lsrael
818 3632 1025 3697 duodecimus
1058 3632 1090 3694 et
1121 3634 1278 3693 extremus

117 3750 136 3789 a
151 3732 334 3804 adscribitur.
350 3740 458 3821 itaque
473 3760 603 3823 prorsus
626 3739 848 3804 inlustratione
868 3738 975 3802 diuina
994 3741 1025 3801 et
1044 3736 1279 3820 dispensatione

228 3964 259 4017 ‘23
277 3964 360 4018 Erod.
381 3967 405 4030 1,
424 3969 439 4020 5

181 4087 438 4159 breperimusFopp.
471 4090 630 4161 bgreceaV
662 4084 1020 4159 8<in>eoutemplationcm
1032 4088 1117 4157 Fopp.
1156 4088 1277 4157 liopta-

153 4171 226 4228 uinrna
248 4176 278 4241 V,
297 4195 365 4236 corr.
384 4178 473 4249 Fopp.
566 4181 598 4233 13
617 4180 786 4233 inueniemus
810 4179 841 4241 V,
860 4178 968 4233 correxi
1049 4179 1082 4230 14
1100 4176 1220 4247 lapidum
1245 4176 1276 4239 V,

155 4274 211 4316 corr.
230 4264 309 4335 Fopp.
357 4270 390 4322 15
410 4271 437 4322 et
455 4284 505 4323 om.
527 4268 610 4338 hhpp.
655 4268 687 4321 18
706 4268 846 4321 attulisset
860 4266 947 4335 Fopp.
996 4266 1066 4334 fort.
1087 4265 1279 4335 discebamque

157 4348 183 4399 19
199 4356 316 4410 continua
338 4356 365 4411 V
416 4360 449 4412 25
468 4358 567 4427 lapidis
592 4358 623 4421 V,
643 4358 749 4411 corraei
803 4356 837 4410 28
857 4359 929 4409 esset
949 4354 1036 4424 Foyp.
