3025 4975
436 445 522 514 Epist.
543 443 718 500 ccxxxffll
739 446 825 499 131-
845 443 986 500 CCXXXV
1005 448 1031 501 4.
1245 451 1309 515 715

211 641 379 708 Sabbatius
408 638 624 703 misericordia
652 638 702 704 dei
732 638 902 722 episcopus
930 639 1138 706 Stratoniciae
1167 642 1309 707 ciuitatis

169 748 345 832 prouinciae
369 745 486 829 Lydiae
509 749 546 810 ut
570 765 676 828 supra.

683 939 792 1024 (aaa.)

454 1084 614 1130 amariora
636 1083 809 1131 uersuum
832 1085 1018 1130 wammam.

140 1196 152 1234 ⁵
208 1209 324 1254 somno
358 1209 430 1254 urae
462 1209 648 1254 orrnrrssruo
681 1209 866 1265 sauerooua
893 1210 989 1256 sarar
1017 1209 1193 1255 nomrsnaa
1222 1211 1310 1256 uuars

169 1317 265 1362 nomm
280 1316 443 1362 rourrrrcr
457 1313 668 1361 rrsrnuauus.
726 1295 884 1376 Quantam
898 1299 1135 1362 uenerationem
1150 1299 1312 1382 religionis

167 1405 338 1470 habeamus
363 1423 520 1486 quamque
545 1403 676 1468 solliciti
697 1423 822 1486 semper
839 1405 993 1470 fuerimus
1013 1408 1141 1488 propior
1159 1406 1313 1470 uniendas

167 1517 286 1576 sanctas
302 1511 466 1590 eeclesias,
486 1512 580 1575 testis
601 1514 650 1576 est
670 1529 796 1592 quoque
815 1515 922 1576 uestra
941 1511 1117 1576 beatitudo.
1137 1516 1310 1595 postquam

166 1619 308 1702 regnauit
333 1618 449 1682 etenim
473 1619 608 1682 domnus
633 1621 742 1682 noster
764 1617 896 1684 inclitus
919 1618 1099 1700 imperator,
1122 1638 1180 1701 per
1203 1639 1312 1684 omnes

132 1731 154 1770 ¹⁰
167 1725 201 1788 ad
237 1725 367 1789 ltaliam
403 1725 567 1789 uenientes
606 1725 778 1789 direximus
815 1725 939 1789 litteras
973 1726 1188 1808 apostolatum
1219 1728 1313 1792 tuum

165 1836 313 1916 rogantes
348 1832 433 1896 sicut
467 1831 607 1896 decebat.
641 1849 725 1896 nunc
759 1831 865 1908 etiam,
898 1851 937 1895 ne
970 1831 1046 1914 quid
1079 1851 1197 1909 eorum,
1232 1836 1356 1914 quaet

165 1938 228 2003 lieri
258 1939 419 2016 conuenit,
446 1939 728 2020 praetermittatur,
762 1938 918 2004 lohannes
950 1939 1000 2002 uir
1031 1939 1312 2003 reuerentissimus

165 2047 305 2123 antistes,
326 2045 532 2110 Heraclianus
552 2046 717 2128 presbyter
738 2048 771 2110 et
790 2045 1017 2111 Constantinus
1037 2045 1189 2109 diaconus
1210 2064 1313 2111 sacro·

164 2155 289 2216 sanotae
324 2150 477 2216 ecclesiae
510 2151 606 2216 buius
639 2151 767 2216 inolitae
801 2150 942 2216 ciuitatis
976 2151 1126 2216 destinati
1158 2155 1234 2216 sunt
1270 2151 1310 2215 ad

127 2268 148 2306 ¹⁵
166 2259 272 2323 urbem
296 2258 444 2336 feliciter,
469 2261 504 2323 ut
530 2277 627 2341 super
650 2259 810 2338 omuibus,
835 2276 916 2340 quae
940 2259 1069 2341 scripsit
1092 2259 1177 2322 filius
1205 2261 1313 2322 uester

165 2365 387 2430 screnissimus
401 2364 583 2448 imperator,
599 2365 760 2449 integrum
775 2384 964 2448 responsum
979 2365 1145 2447 accipiant.
1162 2365 1311 2450 dignetur

166 2491 236 2555 ergo
267 2472 421 2537 sauctitas
448 2474 506 2537 tua
534 2472 697 2555 suscipere
722 2474 916 2538 memoratos
940 2473 1027 2537 uiros
1050 2471 1310 2557 religiosissimos

164 2578 298 2643 libenter
322 2582 354 2643 et
376 2579 495 2643 habitis
521 2579 718 2644 orationibus
742 2581 929 2662 placataque
954 2578 1120 2643 diuinitate
1140 2578 1186 2643 sic
1206 2579 1311 2643 omnia

165 2683 276 2751 debeat
314 2685 458 2751 ordinare
495 2686 730 2761 uenerabiliter,
768 2689 806 2752 ut
842 2686 922 2751 nibil
958 2687 1041 2750 ultra
1076 2690 1238 2750 remaneat
1278 2686 1308 2748 in

122 2804 147 2845 2⁰
165 2792 359 2877 ambiguum.
393 2792 486 2857 nobis
521 2794 637 2858 etenim
670 2794 808 2871 uidetur,
842 2794 992 2876 quoniam
1028 2792 1115 2859 filius
1153 2793 1203 2857 dei
1240 2795 1353 2863 uiui3

164 2897 309 2963 dominus
333 2900 442 2963 noster
464 2900 555 2965 Iesus
581 2899 728 2966 Christus
753 2920 790 2964 er
812 2901 936 2984 uirgine
960 2901 1189 2979 Mansuetus,
1215 2885 1309 2982 ouem

161 3006 323 3087 praedicat
355 3024 499 3070 summus
534 3007 751 3090 apostolorum
786 3026 879 3072 earne
911 3028 1052 3091 passum,
1081 3013 1165 3073 recte
1194 3008 1310 3073 dicitur

162 3131 244 3177 uuus
286 3113 319 3176 iu
361 3112 501 3179 trinitate
545 3133 618 3179 cum
659 3118 747 3196 patre
787 3114 965 3197 spirituque
1012 3118 1122 3179 sancto
1168 3134 1308 3198 regnare,

161 3219 404 3302 maiestatisque
434 3219 501 3284 eius
531 3239 698 3303 personam
725 3222 759 3285 in
787 3222 930 3286 trinitate
959 3225 992 3285 et
1019 3241 1056 3285 ex
1083 3221 1223 3285 trinitate
1246 3240 1308 3286 uon

120 3338 144 3378 ²⁵
161 3324 333 3390 infideliter
356 3325 525 3394 eredimus.
550 3328 588 3392 de
611 3328 793 3393 nominibus
817 3332 924 3392 autern
948 3327 1169 3391 deiunotomm
1189 3327 1309 3407 episco-
1333 3337 1353 3399 4

159 3451 273 3515 pomm
305 3434 478 3498 clementer
512 3436 543 3497 et
575 3436 612 3498 ut
645 3434 736 3499 decet
767 3434 934 3517 pacificum
972 3438 1094 3517 patrem
1131 3433 1305 3516 disponite3

161 3542 234 3621 quia
251 3543 361 3605 uester
380 3560 506 3623 quoque
520 3560 702 3624 praecessor
715 3542 827 3607 beatae
841 3542 1067 3607 recordationis
1084 3540 1123 3604 ad
1137 3540 1306 3605 memoriae

249 3731 283 3783 22
301 3730 374 3785 Petr.
393 3730 408 3783 Ι
425 3732 451 3793 4,
473 3730 485 3783 l

195 3908 207 3959 l
230 3906 389 3976 atrotouieie
413 3906 438 3959 V
491 3906 507 3959 2
526 3906 592 3959 lidie
616 3906 642 3959 V

191 4011 262 4068 285.
337 4012 418 4065 Dato
441 4019 466 4066 et
489 4019 603 4082 accepta
620 4018 652 4067 at
671 4030 710 4082 ep.
731 4017 799 4068 233.
872 4013 946 4067 Edd.
968 4013 1081 4067 Car.1²
1102 4016 1174 4082 553;
1195 4014 1305 4068 Collect.

160 4101 281 4167 Concil.;
302 4100 382 4155 Tbiet
403 4102 476 4167 954,-
494 4107 684 4156 commemorat
703 4102 773 4155 Bar.
794 4101 833 4155 ad
851 4118 876 4154 a.
900 4104 967 4164 520,
990 4104 1035 4155 59.
1110 4103 1127 4154 6
1146 4120 1255 4156 romane
1275 4103 1304 4163 V,

156 4206 226 4244 corr.
250 4191 314 4245 Car.
406 4191 420 4242 7
441 4189 592 4258 unigeodas
617 4190 647 4254 V,
667 4208 769 4245 corre
863 4191 1130 4259 repraesentetur
1152 4192 1182 4255 V,
1202 4209 1271 4246 corr.
1291 4210 1304 4260 ρ

160 4280 190 4332 17
210 4280 375 4333 memoratos
394 4294 426 4332 ac
445 4281 607 4332 memoratus
627 4294 697 4333 corr.
721 4278 745 4331 V
814 4281 846 4332 la
866 4282 894 4332 et
918 4279 956 4332 V:
974 4282 1005 4331 ut
1024 4279 1128 4332 Hartel
1190 4282 1225 4333 24
1243 4297 1304 4349 per·

155 4384 222 4421 aona
247 4368 278 4431 V,
298 4383 367 4421 corr.
387 4367 450 4421 edit.
468 4384 520 4435 rep.
