3025 4975
487 451 573 519 Epist.
594 449 794 506 ccxxxxuu
813 450 927 504 38-44.
1221 453 1285 516 755

149 647 255 729 Libyae
283 646 444 712 montibus
474 645 625 730 gignitur.
655 645 734 709 alter
763 644 846 708 enim
874 644 1045 726 hyacintho
1074 644 1285 710 mundissimo

149 754 253 817 similis
278 755 337 828 θεὴ,
362 754 442 816 alter
464 771 537 816 uero
562 751 793 834 amphiaochlo.
826 749 863 814 tit
895 754 1001 814 autem
1034 750 1102 833 ipse
1135 751 1165 814 in
1198 755 1286 832 parte

149 860 256 943 Libyae
290 860 373 924 circa
403 859 481 924 litus
511 859 617 922 maris.
652 859 685 921 hi
709 876 796 932 uero,
817 857 871 938 qui
895 857 1011 921 fabulis
1036 857 1177 932 credunt,
1198 857 1287 920 aiunt

149 986 213 1030 enm
240 966 420 1050 praecidere
448 969 657 1046 tempestates
687 969 718 1028 et
745 965 883 1047 pluuias,
913 983 985 1028 cum
1014 964 1168 1028 australes
1198 965 1287 1028 uenti

123 1059 373 1156 spemaueffitss

187 1199 363 1243 nasnnrrna
389 1197 608 1244 caarsonmno.
672 1177 894 1260 chrysolithus
917 1177 1009 1260 lapis,
1030 1197 1123 1259 quem
1144 1178 1287 1241 nonnulli
1297 1180 1340 1242 42

149 1286 412 1398 clrfflllum
442 1289 649 1366 uocauerunt,
675 1285 742 1350 anri
766 1285 926 1368 fulgorem
949 1284 1093 1366 praefert.
1119 1284 1285 1348 litantem

149 1393 174 1456 in
201 1394 320 1475 puteali
347 1396 453 1474 petra:
483 1393 529 1458 sic
559 1391 736 1474 appellatur
763 1393 854 1457 locus
879 1391 916 1455 ad
940 1392 1019 1456 litus
1043 1391 1285 1456 Achaemenidis

149 1499 323 1582 Babylonis.
356 1499 520 1564 nominant
552 1503 658 1564 autem
690 1502 722 1562 et
752 1499 918 1580 Babylona
956 1501 987 1561 et
1023 1503 1157 1581 puteum
1194 1498 1287 1562 illum

114 1627 134 1664 ιθ
149 1613 248 1686 petrae
267 1606 510 1680 Achaemenide,
532 1607 626 1688 quod,
646 1605 804 1688 inquiunt.
821 1608 909 1686 pater
923 1604 996 1687 Cyri
1017 1605 1100 1688 tegis
1115 1605 1286 1668 Achaeme-

149 1733 220 1778 nens
247 1714 430 1791 uocabatur,
459 1719 498 1777 ut
521 1713 691 1794 scriptores
717 1711 815 1794 aliqui
839 1712 1025 1776 retulerunt.
1050 1716 1100 1775 est
1123 1717 1229 1776 autem
1255 1716 1288 1775 θὴ

150 1821 369 1903 chrysoprasus
402 1821 502 1903 lapis:
527 1819 579 1884 hic
613 1820 818 1884 stomachicis
853 1824 885 1883 et
918 1820 1027 1884 colicis
1060 1839 1119 1883 nec
1156 1839 1216 1884 non
1254 1822 1287 1883 et

150 1927 288 1992 coeliacis
313 1926 409 1991 tritus
434 1931 466 1991 et
490 1931 603 2010 epotus
629 1926 857 1991 saluberrimus
882 1927 1084 2008 approbatur.

189 2053 228 2097 na
250 2053 364 2098 carana
388 2052 535 2098 sarrano.
603 2033 779 2117 Beryllinm
803 2033 885 2114 lapis
909 2033 1025 2116 glauci,
1049 2031 1339 2107 incolomitas

114 2157 133 2194 o
150 2141 256 2204 coloris
285 2144 343 2218 est,
373 2141 512 2205 marinae
540 2141 696 2204 tincturae
727 2140 840 2204 similis
870 2142 904 2203 θὴ
931 2140 1023 2214 aeris,
1052 2138 1224 2221 amethysti
1253 2142 1287 2202 et

149 2247 319 2328 paederotis
352 2247 471 2312 hahens
506 2247 643 2329 speciem
679 2250 711 2311 et
743 2247 927 2328 aquatione,
960 2247 1000 2319 id.
1026 2248 1075 2308 est
1111 2245 1285 2322 albidioris,

149 2353 313 2460 hyacinthi.
342 2354 379 2417 fit
407 2358 513 2418 antem
542 2353 581 2418 ad
610 2354 674 2418 ima
701 2355 830 2430 montis,
860 2355 915 2435 qni
942 2358 1075 2418 uocatur
1097 2354 1232 2417 Taurus.
1257 2353 1285 2416 si

150 2461 214 2541 quis
243 2465 348 2525 autem
372 2461 511 2527 uoluerit
534 2461 617 2525 hunc
642 2480 678 2526 er
701 2461 836 2527 aduerso
861 2462 940 2526 solis
965 2481 1131 2544 opponere,
1157 2460 1286 2524 uidetur

147 2568 241 2631 ueluti
267 2568 360 2633 uitrci
389 2569 512 2633 minuta
540 2568 732 2633 intrinsecus
757 2569 873 2633 hahere
895 2568 1068 2650 perlucida.
1092 2568 1155 2631 alia
1178 2570 1285 2631 antem

92 2672 277 2756 ¹soheryllus
310 2675 442 2757 pupillis
476 2675 641 2739 oculorum
674 2675 818 2739 draconis
852 2678 901 2739 θεὴ
931 2676 1057 2739 similis.
1086 2675 1148 2739 alia
1174 2693 1285 2739 rursus

146 2784 191 2843 θεὴ
227 2780 363 2863 beryllus
401 2782 503 2845 ueluti
540 2782 649 2846 coralli
687 2782 827 2863 speciem
864 2783 967 2864 magis
1005 2782 1166 2845 exhibens.
1208 2781 1286 2844 haec

147 2890 246 2951 antem
267 2888 409 2971 beryllus
432 2888 521 2952 iuxta
544 2874 636 2952 uiam
654 2888 802 2952 Eufratae
826 2889 968 2953 fluminis
992 2889 1063 2952 uisa
1089 2893 1148 2953 est.

185 3013 224 3057 oa
243 3014 355 3059 narina
376 3012 524 3061 curcum.
591 2994 770 3078 Onychium
789 2995 870 3078 lapis
890 2996 1009 3059 flauum
1029 2996 1123 3059 nimis
1145 2998 1285 3059 ostentat
1295 2998 1339 3060 44

147 3100 285 3165 colorem.
317 3101 467 3165 delectari
496 3121 570 3185 uero
599 3102 704 3184 lapide
733 3102 796 3167 isto
825 3105 930 3165 serunt
961 3122 1073 3184 regum
1106 3104 1220 3183 nuptas
1254 3107 1286 3166 et

110 3235 131 3273 a
147 3204 285 3283 diuitum,
311 3228 391 3289 quae
414 3208 446 3272 in
470 3210 585 3291 pocula
608 3228 666 3273 sna
689 3210 914 3273 transferentes
938 3213 1072 3273 utuntur
1090 3210 1149 3273 hoc
1168 3210 1282 3292 lapide.

147 3320 216 3377 sunt
241 3318 346 3379 atatem
377 3317 409 3379 et
438 3314 502 3391 alii,
532 3316 697 3397 onychitae
722 3316 777 3397 qui
801 3316 976 3397 aequinoce
995 3324 1227 3400 nuncupantur.
1251 3318 1285 3381 iu

147 3424 192 3483 est
225 3441 282 3487 non
320 3422 486 3497 ueraciter,
527 3422 649 3485 similes
688 3441 788 3496 cerae,
823 3442 903 3503 qrrae
937 3424 1050 3487 coloris
1085 3427 1134 3487 est
1166 3424 1283 3487 mellei.

177 3542 385 3615 2amphicuchli
408 3544 438 3604 V.
458 3560 527 3599 corr.
546 3544 630 3613 Foyp.
655 3542 821 3615 (ἀμφικόχλῳ
840 3544 918 3615 Ep.¹)
1075 3551 1151 3615 parte
1173 3548 1283 3612 empsit

147 3635 229 3699 partes
248 3633 273 3684 V
310 3633 427 3687 helucus
442 3632 472 3697 V,
489 3649 556 3691 corr.
575 3632 659 3701 Fopp.
724 3634 909 3687 ticahisonrto
928 3632 1089 3687 chrisolitns
1107 3634 1131 3685 V
1181 3636 1284 3687 lclrri-

146 3720 345 3789 soheryllumV
381 3722 646 3775 SachemenidieV
681 3721 855 3777 9bebilonio
879 3723 910 3783 V,
929 3738 997 3777 corr.
1016 3722 1100 3790 Fopp.
1121 3720 1284 3791 (Βαβυλῶνα

146 3807 281 3881 Ep.¹llp.²)
333 3811 366 3864 10
385 3810 559 3863 achemenirle
583 3810 614 3872 V,
634 3811 805 3880 corr.1⁴¹opp.
825 3809 1008 3882 (Ἀχαιμενίδα
1025 3810 1103 3878 Ep.²)
1158 3812 1283 3864 echome-

146 3897 252 3949 neusV
324 3898 357 3951 12
377 3898 609 3968 chrisoprasusV
682 3898 713 3951 14
732 3900 844 3968 glaucus
863 3899 946 3967 Foyy.
1025 3900 1106 3951 caesii
1125 3899 1222 3952 coloris
1241 3905 1284 3951 est

146 4000 191 4037 om.
210 3984 290 4056 Fopg.
370 3989 402 4040 19
421 3988 521 4041 uitrum
541 3986 622 4056 Fqu.
644 3987 775 4060 (φαίνεται
792 3988 829 4051 ὡς
849 3987 923 4049 islo<
942 3988 1068 4058 κέγχρους
1087 3984 1157 4058 ἔχων
1175 3984 1284 4039 ἔνδοθεν

147 4096 248 4169 διαυγεῖς
268 4101 344 4171 apl)
383 4102 415 4156 21
438 4102 531 4156 coralli
552 4102 647 4173 Vapp:
668 4104 775 4157 corallis
798 4102 830 4160 V,
850 4102 928 4174 ὁμοία
945 4106 1019 4174 κηρῷ
1038 4102 1104 4170 ΕΡ.1
1178 4068 1236 4171 epm
1261 4102 1286 4153 V

146 4186 177 4238 22
195 4194 281 4243 antem
301 4206 352 4244 cm.
371 4190 455 4261 Fopy.
547 4192 605 4261 περὶ
622 4192 669 4263 τὴν
688 4189 777 4253 ἔξοδον
797 4192 865 4260 h'p.1
955 4192 1058 4244 eufrate
1082 4190 1119 4244 V:
1137 4190 1284 4259 Euphratis

146 4272 223 4344 Foyy.
259 4280 292 4333 24
313 4280 422 4348 nuptias
442 4280 473 4342 V,
492 4296 561 4334 corr.
582 4280 663 4349 Fopy.
684 4281 742 4347 (τὰς
762 4280 863 4351 νύμφας
882 4280 961 4349 Ep.¹)
1016 4282 1050 4333 2?
1070 4280 1171 4333 similes
1195 4280 1285 4333 Vaed

147 4360 237 4419 litte-ras
254 4368 304 4421 sim
324 4368 461 4421 traductis
479 4370 587 4423 lincolia
606 4370 700 4423 deletis
