3025 4975
522 492 608 562 Epist.
628 492 749 547 CXXXX
769 492 881 545 10-12.
1212 495 1275 557 579

140 684 162 742 τί
179 684 362 766 θαυμαστόν,
387 682 412 747 εί
434 687 470 747 τὰ
493 687 631 767 πρόβατα
652 684 906 771 καταλειρθέντος
931 683 1042 747 ἐκείνου
1065 694 1116 747 τοῦ
1141 682 1207 755 ἑνός
1227 688 1278 748 καὶ

142 783 273 868 ἀληθινοῦ
295 794 437 873 ποιμένος
460 790 733 871 διασκορπισθέντα
756 786 773 851 ό
796 798 974 873 πανοῦργος,
1000 791 1016 851 ό
1039 786 1145 873 αἵμασι
1166 812 1278 875 πεφυρ-

142 893 218 970 μένος
244 896 295 954 καί
327 890 426 975 ἅρπαξ
453 906 518 963 ταῖς
550 892 682 977 ἐνέδραις
713 892 871 979 ἐτάραξεν;
903 890 931 955 οἱ
960 894 1011 977 τήν
1037 890 1202 979 ἀσφάλειαν
1225 894 1277 977 τὴν

141 991 204 1055 ἰδίαν
224 998 499 1081 καταλιμπάνοντες
514 993 599 1061 αύτοί
614 995 739 1069 ἑαυτούς
762 996 825 1069 τοῖς
846 999 1004 1079 κινδύνοις,
1021 993 1070 1083 ἀρ’
1087 994 1128 1059 ὧν
1144 1002 1277 1082 σπαράτ-

118 1110 234 1180 έτονται,
256 1099 467 1187 ἐμβάλλουσιν.
530 1098 606 1164 ὥστε
628 1100 684 1164 κᾶν
707 1112 759 1165 νῦν
781 1112 851 1182 γοῦν
876 1115 1010 1186 στερροῖς
1035 1104 1164 1187 βήμασιν
1188 1100 1218 1163 ὲν
1241 1114 1277 1187 τη
1292 1100 1331 1163 10

142 1195 193 1283 όδῖμ
218 1215 273 1267 τῶν
304 1210 449 1290 πατέρων,
479 1209 556 1289 πρὸς
583 1206 621 1292 ἣν
645 1204 836 1291 ἀνεδμάμετε,
863 1204 991 1290 ἕνστητε·
1022 1207 1145 1269 δύναται
1166 1210 1223 1290 γάρ
1246 1208 1278 1269 τύ

142 1314 185 1367 τοῦ
203 1312 275 1373 θεοῦ
299 1308 386 1383 ἔλεος
407 1314 459 1374 καί
481 1312 533 1395 την
555 1321 610 1373 τῶν
635 1309 737 1373 ἄλλων
761 1308 873 1395 ὁμοίως
897 1312 1057 1395 διόρθωσιν
1081 1322 1122 1395 τῐμ
1146 1306 1278 1397 ὑμετέρῳ

74 1399 76 1403 ’
143 1414 240 1496 μισθῷ,
263 1413 291 1477 εἰ
311 1419 383 1498 παρ’
407 1410 490 1499 ύμῶν
514 1419 588 1498 πρός
609 1418 643 1478 τό
667 1412 757 1486 εύθὲς
782 1413 968 1501 όδηγηθεῐεν,
994 1416 1184 1496 λογίσασθαι·
1210 1396 1278 1477 ἀλλ’

142 1510 251 1589 ἑαυτούς
272 1519 413 1582 καθόλου
437 1518 496 1582 ἀπό
519 1530 572 1582 τοῦ
597 1522 757 1603 βορβόρου,
775 1519 804 1583 ἐν
821 1516 844 1603 {p
860 1518 888 1582 οἱ
904 1518 1043 1603 αἱρετικοί
1057 1522 1280 1591 καταποθέντες

110 1635 129 1671 1⁰
142 1625 332 1707 κεκράτηνται,
364 1621 562 1687 ἀποσπάσατε
597 1628 650 1687 καί
687 1624 888 1696 έκτινοίξαντες
919 1626 970 1707 τὴν
1005 1621 1198 1704 ἀκαθαρσίαν
1227 1632 1279 1686 τοῦ

142 1738 280 1809 κονιορτοῦ
310 1738 362 1790 τοῦ
393 1729 598 1813 κσλληθέντος
627 1740 751 1808 γενικῶς
783 1726 916 1801 ἅπαντας
944 1730 1015 1800 τούς
1038 1726 1097 1792 ἀπό
1121 1738 1178 1791 τῶν
1203 1726 1279 1791 ἀπο-

144 1832 269 1895 σιολικῶν
301 1833 455 1913 δογμάτων
487 1832 705 1905 ἀποκλίναντας
729 1830 846 1916 εὐσεβεῖ
868 1832 1051 1919 ἀποκηρύξει
1072 1836 1278 1916 κατακρίνατε.

143 1928 252 2019 ούδεμία
274 1945 316 2020 τῖμ
341 1941 441 2000 σκότει
462 1940 538 2021 πρός
561 1941 594 2001 τό
619 1947 685 2023 φῶς
706 1942 845 2001 κοινωνία
870 1935 936 2001 ούτε
961 1936 988 2001 οἱ
1003 1936 1052 2000 διά
1073 1948 1131 2000 τῶν
1155 1932 1279 1999 εύθειῶν

143 2033 208 2101 όδῶν
237 2042 407 2123 βαδίζοντες
436 2044 474 2104 τὰ
504 2039 616 2105 ἑαυτῶν
645 2041 717 2129 ἴχνη
742 2046 817 2129 μετὰ
840 2052 897 2105 τῶν
921 2041 1139 2105 ἀποκλινόντων
1162 2042 1279 2127 πλάνης

111 2157 129 2194 1⁵
144 2148 320 2209 συνάπτουσι.
353 2151 558 2231 κατασχετέος
589 2145 649 2209 ἐστὶ
678 2156 731 2229 της
761 2150 887 2217 πίστεως
912 2147 1078 2225 σύνδεσμος
1101 2149 1152 2211 καὶ
1174 2144 1329 2229 παραι-ΙῙ

142 2251 219 2329 τητέα
238 2273 257 2336 η
282 2248 317 2313 ὲκ
339 2260 393 2335 της
417 2249 541 2314 ἀπίστου
563 2256 721 2323 κοινωνίας
744 2252 837 2337 λύμη,
862 2247 906 2314 ὅτι
927 2255 1005 2314 κατὰ
1026 2254 1076 2313 τόν
1101 2249 1278 2329 ἀπόστολον,

142 2348 169 2410 όν
188 2356 292 2436 τρόπον
316 2351 333 2416 ό
357 2351 461 2418 ἑαυτὸν
484 2356 683 2439 προσκολλῶν
705 2360 747 2439 τῖρ
770 2360 864 2439 κυρίῳ
888 2355 918 2417 ἓν
940 2360 1056 2439 πνεῦμά
1082 2354 1167 2439 ἐστιν,
1184 2350 1280 2428 υύτως

142 2450 363 2544 όκολλῶμενος
385 2470 422 2544 ιη’
445 2456 540 2545 πόρνη
565 2460 594 2522 έν
618 2463 727 2539 γίνεται
750 2469 847 2546 σῶμα.
872 2458 1026 2542 ἀγαπῶσιν
1049 2458 1080 2522 αἱ
1102 2464 1204 2545 ἀρεταὶ
1226 2464 1280 2533 τὰς

142 2555 269 2647 ἀλλήλων
300 2569 457 2636 κοινωνίας
487 2568 538 2627 καί
567 2565 637 2636 τούς
666 2565 881 2649 κολλωμένους
913 2562 988 2651 αῦτη
1020 2565 1089 2651 μεθ’
1122 2565 1230 2652 έαυτης
1259 2565 1279 2654 η

109 2684 129 2720 ιν
143 2660 251 2749 ἀσέβεια
274 2667 304 2730 ὲν
326 2679 369 2752 τῑρ
393 2671 479 2758 βυθῑρ
501 2672 714 2740 καταποντίζει.
735 2667 765 2732 ὲν
785 2667 969 2758 όμθαλμυῖς,
990 2670 1019 2732 ὲν
1038 2681 1079 2754 τῖρ
1100 2676 1232 2757 στόματι,
1251 2671 1280 2733 ἐν

144 2764 233 2844 αύταῖς
261 2787 328 2844 ταῖς
357 2779 460 2858 χερσίν
492 2772 547 2837 εἱσι
576 2782 631 2836 τῶν
660 2777 796 2857 πατέρων
826 2778 863 2838 τὰ
893 2775 1038 2860 δόγματα,
1071 2775 1091 2838 ἃ
1125 2779 1279 2862 φυλάττειν

144 2870 342 2961 επελλόμεθα·
366 2878 439 2941 καθ’
456 2876 584 2963 ἑκάστην
608 2882 684 2963 πρός
706 2880 758 2964 τήν
782 2879 919 2966 φυλακην
944 2877 1055 2942 ἑαυτῶν
1072 2877 1103 2942 αἱ
1119 2883 1282 2964 σεβάσμιοι

144 2981 248 3045 σύνοδοι
270 2987 501 3069 περισμίγγουσι.
549 2987 738 3068 μακρηγορία
763 2982 822 3045 ἐστὶ
844 2983 918 3046 καθ’
935 2981 1061 3048 ἕκαστον
1077 2989 1173 3048 πάντα
1189 3008 1279 3072 μανε-
1293 2990 1333 3052 12
1409 3051 1420 3070 ,

146 3092 212 3164 ροῦν·
235 3089 270 3149 τά
292 3097 347 3173 της
370 3085 400 3150 ἐν
424 3085 600 3173 Χαλκηδόνι
622 3089 761 3167 συνόδου,
786 3088 815 3152 έν
839 3085 860 3175 ᾖ
884 3099 987 3151 πασῶν
1010 3091 1043 3152 τό
1068 3092 1161 3172 σέβας
1184 3094 1280 3174 περιέ-

110 3207 132 3246 ιε
146 3209 226 3270 χεται.
249 3191 329 3254 ἀλλὰ
350 3195 404 3255 καί
424 3190 463 3256 τά
483 3196 567 3276 παρὰ
582 3201 634 3256 τοῦ
650 3197 895 3278 σεβασμιωτοίτου
913 3191 1043 3266 Λέοντος
1059 3199 1281 3281 προενεχθέντα

147 3289 172 3364 ἐξ
190 3291 277 3382 αὐτῆς
299 3308 357 3360 τῶν
381 3295 558 3361 ἀποστόλων
581 3308 635 3383 της
657 3300 786 3383 καρδίας
802 3295 950 3382 όρίσματα
965 3302 1017 3361 καί
1032 3303 1182 3379 γινώσκειν
1198 3296 1280 3384 ἡμᾶς

146 3402 275 3483 προσνέμει
295 3404 349 3465 καί
369 3407 477 3487 τηρεῖν.
504 3399 533 3464 ἐν
556 3405 671 3473 τούτοις
693 3405 727 3465 τό
752 3415 876 3488 σημεῖον
898 3411 952 3486 της
969 3406 1103 3478 πίστεως,
1121 3401 1150 3465 έν
1167 3405 1281 3473 τούτοις

147 3498 169 3562 οἱ
186 3515 379 3591 προμαχῶνες
401 3516 455 3591 τἠς
478 3505 638 3593 ἀληθείας,
662 3505 692 3569 έν
714 3509 829 3578 τούτοις
853 3503 869 3568 ό
893 3505 1022 3589 Χριστός
1044 3509 1227 3587 γινώσκεται,
1251 3504 1280 3569 ἐν

146 3608 242 3683 τούτοις
277 3620 331 3696 της
369 3611 547 3695 λυτρῶσεως
586 3621 640 3697 τῆς
672 3609 822 3698 ἡμετέρας
849 3635 868 3698 η
903 3610 984 3682 ἐλπίς
1011 3614 1062 3674 καὶ
1088 3608 1107 3698 ἡ
1139 3607 1281 3682 ἀπόθεσις

177 3877 188 3928 1
219 3879 434 3952 καταληφθέντος
466 3899 525 3946 σεο,
558 3882 608 3936 sed
635 3899 652 3936 ο
676 3883 797 3950 fortasse
825 3888 926 3950 postea
957 3898 1026 3936 corr.
1058 3879 1281 3951 καταλειφθέντος

146 3963 310 4038 ε’)στεργοῖςο
366 3967 515 4040 8ἠμῶνίι
582 3973 615 4026 13
636 3970 696 4024 ούδέ
715 3969 762 4042 μία
779 3971 816 4040 gh
881 3973 914 4025 14
935 3969 1036 4040 πλάνης
1056 3988 1100 4023 eo:
1120 3967 1206 4038 πλάνη
1227 3969 1281 4038 agh

147 4053 175 4105 16
189 4069 224 4124 σγ.
242 4055 387 4110 ἀπόστολον
406 4054 436 4110 ὃν
455 4057 549 4129 τρόπον
562 4077 607 4114 eo:
629 4056 799 4112 ἀποστολικόν
818 4059 912 4130 τρόπον
928 4061 973 4129 gh,
994 4057 1139 4110 ἀπόστολον
1158 4057 1281 4128 πέτρα-να

146 4139 352 4216 Quanam
372 4162 403 4199 ae
477 4147 615 4220 σεβασμόαι
634 4149 671 4218 gh
757 4148 791 4200 23
811 4148 977 4200 καθέκαστον
997 4165 1027 4201 ae
1101 4151 1229 4218 φανεροῦν
1248 4147 1282 4197 τά

148 4245 200 4285 οεοι
218 4241 377 4303 φανεροῦντα
396 4234 433 4304 gh
487 4237 523 4289 24
543 4235 623 4304 σέβας
643 4237 725 4306 eogh:
746 4234 924 4305 σεβάσμιονα
968 4237 1002 4290 25
1023 4234 1281 4306 προενενεχθένταα

148 4318 178 4370 26
193 4327 238 4391 τῆς
255 4340 313 4376 neo:
334 4338 387 4376 om.
407 4323 444 4392 gh
480 4325 514 4377 27
534 4325 563 4375 τό
583 4330 690 4395 σημεῖον
708 4325 818 4392 scn'psi:
838 4325 866 4375 τό
887 4323 1028 4395 σεβάσμιον
1047 4324 1092 4392 gh,
1112 4329 1165 4384 τοῖς
1186 4321 1279 4389 σεβασ-

148 4404 261 4473 μίοιςυοο
296 4413 332 4467 28
350 4418 574 4483 προμαχοῦντεςα
609 4414 644 4467 29
663 4411 681 4482 ἡ
697 4408 820 4475 ὑπόθεσις
831 4430 879 4482 ag:
898 4411 916 4482 ἠ
932 4407 1056 4481 πρόθεσις
1067 4411 1093 4474 h,
1114 4410 1238 4472 ὑπόθεσις
1250 4429 1281 4464 eo
