3025 4975
476 475 562 544 Epist.
583 473 784 530 ccxxxxmr
802 473 916 530 80—86.
1205 475 1269 540 767

130 672 203 737 tioni
225 671 369 754 lapidum
388 673 623 754 congruentem.
644 669 721 734 baec
741 668 825 732 enim
843 667 931 731 iuxta
949 667 1107 749 principes
1125 667 1269 730 tribuum

132 779 165 842 ad
186 781 391 862 praeceptum
416 777 534 842 domini
559 779 686 842 constat
710 794 780 840 esse
802 778 983 839 numerata:
1006 773 1039 838 in
1063 793 1127 856 qua
1147 773 1269 856 primus

131 885 287 950 ordinatus
307 888 358 948 est
375 884 497 958 Ruben,
518 883 590 948 dein
612 882 776 954 (Simeon.
796 881 908 945 deiude
926 880 1016 958 luda,
1032 879 1129 956 dein>
1141 879 1272 945 lsacbar

131 995 158 1056 et
176 992 230 1074 qui
250 995 416 1066 secuntum
437 992 553 1074 Ioseph
574 995 680 1055 autem
701 987 840 1054 secundo
859 990 1045 1051 numeratus
1064 989 1124 1063 est,
1143 989 1271 1069 propter

106 1099 209 1180 rqrrod
232 1099 371 1181 Ephrem
394 1099 426 1162 in
450 1117 511 1163 uno
535 1116 678 1173 numero,
701 1096 866 1160 Manassen
889 1093 921 1156 iu
946 1092 1044 1157 altero
1069 1093 1112 1157 sit
1133 1094 1269 1168 locatus,

132 1208 159 1269 et
185 1204 334 1286 quoniam
361 1203 441 1268 Leui
468 1223 579 1268 rursus
604 1205 768 1285 exemptus
792 1204 851 1278 est,
875 1199 1080 1282 nequiuimus
1103 1219 1270 1265 numerum

131 1314 270 1393 coaptare
308 1311 469 1394 lapidibus
508 1313 637 1394 propter
672 1309 928 1374 immutationem
963 1308 1044 1372 Leni
1081 1311 1113 1373 et
1143 1311 1271 1391 propter

132 1417 334 1482 adiectionem
376 1418 470 1482 unius
511 1417 625 1496 tribus,
664 1435 743 1497 quae
780 1416 813 1480 in
850 1415 975 1480 duabus
1010 1414 1163 1497 probatur
1199 1433 1270 1479 esse

133 1523 238 1589 diuisa.

98 1654 117 1692 n
171 1630 250 1695 Dein
280 1634 427 1696 octauam
455 1631 644 1696 diuisionem
675 1630 712 1694 de
744 1629 825 1694 libro
858 1630 1070 1694 Numerorum
1103 1629 1272 1712 diligenter
1282 1629 1325 1692 84

132 1737 330 1819 inspeximus,
367 1738 423 1801 nbi
459 1738 621 1820 praecepit
658 1737 735 1802 deus
771 1740 804 1802 et
839 1737 929 1802 misit
963 1737 1072 1802 Moses
1113 1736 1271 1819 principes

132 1843 268 1908 tribuum
295 1844 417 1909 Israhel
445 1844 484 1908 ad
512 1843 739 1927 inspiciendam
763 1847 879 1908 terram
901 1843 1134 1925 promissionis,
1159 1847 1191 1906 et
1213 1862 1271 1906 nec

132 1950 219 2014 istam
252 1951 447 2033 repperimus
481 1949 520 2014 ad
553 1950 816 2032 compositionem
848 1953 1097 2015 memoratorum
1127 1949 1271 2031 lapidum

133 2059 361 2135 consonantem,
384 2060 513 2140 propter
536 2057 621 2139 quod
645 2060 678 2121 et
695 2057 807 2122 Ruben
825 2057 858 2120 in
876 2056 987 2140 primis
1006 2060 1191 2120 numeratus
1211 2059 1270 2133 est,

98 2189 117 2226 n
133 2163 198 2228 dein
234 2163 371 2238 Simeon,
411 2163 523 2228 deinde
560 2163 668 2238 ludas,
706 2163 775 2227 exin
808 2161 937 2227 isachar
969 2166 1001 2228 et
1034 2162 1181 2245 deinceps
1216 2162 1271 2244 qui

133 2273 278 2334 secuntur
301 2273 333 2334 et
356 2289 511 2352 nusquam
535 2269 615 2334 Leni
638 2269 757 2334 mentio
781 2268 866 2334 facta
889 2273 948 2334 est.

172 2376 380 2440 Transeuntes
393 2376 492 2460 igitur
507 2376 546 2439 ad
556 2391 670 2439 nonam
680 2375 871 2440 diuisionem
881 2379 913 2440 et
922 2376 1025 2458 ipsam
1036 2375 1269 2458 conspeximus,
1280 2377 1323 2441 85

133 2503 206 2565 quae
233 2483 318 2548 facta
347 2486 396 2549 est
419 2503 455 2547 ex
479 2485 646 2567 praecepto
671 2480 801 2559 domini,
825 2481 910 2548 sicut
932 2483 963 2546 in
986 2482 1067 2548 libro
1092 2481 1271 2548 continetur

132 2589 348 2667 humerorum,
378 2590 501 2671 quando
531 2590 622 2655 missi
651 2594 727 2655 sunt
753 2589 913 2672 principes
940 2590 1094 2669 tribuum,
1122 2593 1159 2654 ut
1185 2593 1270 2655 sorte

96 2724 118 2763 n
134 2696 305 2761 diuiderent
341 2700 457 2760 terram
493 2696 715 2780 promissionis
752 2696 829 2761 filiis
864 2696 975 2775 Israel,
1013 2699 1045 2761 et
1080 2716 1138 2761 neo
1173 2696 1270 2762 istam

134 2802 274 2867 similiter
319 2802 358 2867 ad
405 2803 664 2885 consequentiam
710 2803 855 2885 lapidum
901 2807 1047 2885 coaptare
1097 2804 1269 2869 noluimus.

133 2908 320 2974 inuenientes
346 2910 430 2973 enirn
453 2909 565 2973 ludam
589 2910 671 2985 (iu)
696 2910 808 2993 primis
826 2911 980 2991 positum,
1000 2910 1070 2975 dein
1091 2910 1270 2976 Simeonem

133 3020 161 3079 et
190 3018 298 3099 postea
330 3015 505 3093 Beniamin,
538 3016 608 3081 Dan
641 3036 768 3099 quoque
801 3020 834 3081 et
865 3018 1034 3081 Manassen
1062 3036 1120 3081 nec
1148 3036 1209 3082 non
1239 3020 1271 3081 et

132 3120 262 3202 llphrem
278 3127 309 3188 et
323 3122 463 3188 Zabulon
480 3126 512 3188 et
532 3124 679 3207 deinceps
698 3124 837 3201 isachar,
857 3124 926 3189 exin
945 3124 1027 3187 Aser
1045 3127 1078 3188 ot
1095 3124 1270 3189 nouissimo

96 3258 116 3295 n
133 3226 297 3310 Neptalim,
313 3234 346 3295 et
359 3248 470 3294 rursus
491 3230 608 3294 tribum
627 3230 704 3295 Leui
723 3231 914 3313 reperientes
934 3230 1084 3296 omissam
1105 3237 1136 3295 et
1153 3231 1269 3313 Ioseph

136 3333 295 3418 dupliciter
322 3340 541 3401 enumeratum
568 3337 598 3401 in
627 3336 766 3418 Ephrem
797 3340 828 3402 et
854 3338 1046 3415 Manassem,
1070 3338 1150 3401 hanc
1173 3337 1324 3405 etiamad

136 3444 395 3521 praetermisimus
422 3446 453 3507 et
476 3443 507 3507 in
533 3443 687 3508 decimam
712 3444 903 3509 diuisionem
926 3444 1134 3509 intentionem
1154 3443 1270 3508 mentis

136 3550 337 3614 ammouimus
352 3570 409 3615 nec
420 3550 523 3633 ipsam
534 3550 697 3633 quiuimus
707 3549 849 3615 inuenire
858 3550 1019 3632 lapidibus
1030 3553 1268 3626 consonantem3

136 3656 240 3719 etenim
283 3657 407 3739 quando
448 3656 608 3722 benedixit
648 3658 755 3723 Moses
797 3658 872 3722 filiis
914 3658 1034 3723 Israhel
1075 3675 1269 3739 praeponens

98 3788 119 3825 n
136 3757 288 3828 Beniamin
310 3766 457 3845 quartum
477 3767 550 3846 post
568 3764 657 3843 Leni,
673 3764 745 3829 dein
761 3764 886 3848 loseph,
902 3768 935 3829 et
949 3764 1096 3847 quoniam
1113 3763 1268 3829 Simeonis

167 4028 181 4080 3
199 4030 304 4086 Simeon
324 4032 421 4087 deinde
436 4032 504 4087 Iuda
519 4032 580 4087 dein
595 4034 708 4097 inomni,
725 4034 760 4101 cf.
773 4033 794 4104 ἕ
810 4036 848 4087 62
893 4034 909 4087 6
921 4033 1047 4102 quoniam
1061 4033 1100 4087 V:
1110 4050 1170 4087 cum
1184 4033 1268 4103 Fopp.

136 4114 165 4168 18
182 4119 299 4173 continet
323 4120 353 4183 V,
374 4138 442 4175 corr.
458 4122 542 4191 Fopp.
580 4123 614 4176 22
627 4122 685 4175 (iu)
701 4122 795 4192 primis
809 4123 908 4190 carpsi
919 4121 965 4191 (cf.
979 4139 1068 4190 snpra
1078 4139 1107 4189 p.
1126 4126 1193 4183 767,
1206 4126 1268 4191 14);

135 4204 219 4269 primis
233 4207 263 4273 V,
277 4208 394 4278 primurn
403 4208 487 4278 Fopp.
524 4210 559 4265 25
569 4210 692 4279 neptalin
707 4210 734 4263 V
784 4211 969 4279 repperientes
983 4210 1010 4263 V
1060 4210 1269 4281 losepropp.,·

133 4291 160 4343 in
176 4294 265 4365 ioseph
288 4296 314 4349 V
375 4297 410 4352 28
429 4298 624 4351 ammonuimus
648 4297 679 4362 V,
699 4314 768 4353 corr.
787 4298 871 4369 Fopp.
935 4299 1090 4352 aserenan
1108 4298 1208 4367 Foppr
1227 4303 1270 4353 est

135 4381 199 4435 enirn
221 4384 246 4436 V
314 4386 347 4441 29
367 4402 520 4456 proponens
538 4386 623 4457 Fopp.
679 4388 860 4457 aequoniam
883 4389 918 4442 V:
939 4404 998 4442 cum
1017 4387 1101 4457 Fopp.

182 4506 255 4549 xxxv
270 4517 323 4559 pm
338 4510 358 4549 a.
1162 4495 1197 4548 49
