3025 4975
581 421 668 492 spru.
688 422 785 478 cxxv
804 425 900 479 2-11.
1251 430 1316 494 539

168 617 332 681 custodiri.
401 619 551 683 miramur
589 624 706 697 autem,
746 639 841 702 quam
874 620 913 685 ob
945 638 1011 684 rem
1046 620 1084 684 de
1121 621 1317 686 beatissimis
1350 618 1369 684 7

167 724 321 807 patribus,
342 725 446 806 quiin
467 725 665 791 Chalcedona
689 730 915 802 conuenerunt,
936 728 1043 808 aliqua
1065 727 1157 792 uobis
1181 728 1317 793 scribere

167 832 326 909 uoluistis,
348 832 423 897 dum
448 852 494 909 aa,
520 852 599 915 quae
623 834 662 897 ab
685 835 736 898 his
761 835 885 898 fueraut
908 834 1092 912 constituta,
1113 834 1317 899 decessorum

166 942 345 1003 nostrorum
382 940 617 1023 multiplicibus
651 940 787 1005 decretis
821 940 1005 1006 confirmata
1037 945 1254 1006 monstrantur
1285 946 1318 1007 et

138 1064 236 1108 scum
265 1065 325 1109 nac
355 1046 417 1111 alia
445 1047 584 1129 synodus
613 1046 697 1111 tacta
724 1047 831 1120 fuerit,
859 1066 915 1130 per
943 1066 1050 1129 quam,
1085 1068 1165 1130 quae
1193 1049 1232 1112 ab
1261 1050 1317 1113 illa

166 1150 320 1232 disposita
344 1157 429 1229 sunt,
448 1153 652 1217 redderentur
670 1152 804 1231 infirma,
823 1173 881 1218 nec
900 1154 949 1218 lex
968 1173 987 1218 a
1005 1154 1095 1218 nobis
1114 1154 1315 1236 processerit,

166 1258 254 1323 cuius
279 1259 424 1323 nouitate
449 1262 571 1324 statuta
595 1259 728 1341 praefati
749 1259 940 1343 episcopalis
960 1260 1086 1325 concilii
1106 1261 1314 1337 soluerentur,

165 1364 296 1429 marinae
322 1366 487 1449 cumipse
513 1366 652 1449 synodus
677 1365 791 1430 dixerit
814 1368 981 1430 anathema
1004 1386 1075 1431 esse
1099 1367 1224 1444 debere,
1248 1368 1316 1450 qui·

166 1490 298 1553 cumque
328 1472 421 1537 aliam
452 1472 556 1547 tidem,
586 1492 680 1554 quam
710 1472 793 1555 apud
816 1473 967 1537 Nicaeam
995 1473 1129 1539 trecenti
1160 1474 1317 1547 (decem)

129 1598 149 1635 o
166 1580 195 1642 et
217 1584 289 1643 octo
314 1579 511 1643 uenerabiles
535 1584 641 1661 patres
667 1579 909 1657 constituerunt,
934 1580 1045 1645 docere
1070 1580 1122 1644 uel
1138 1579 1314 1644 ‘immutare

164 1685 310 1750 uoluerit.
341 1684 380 1748 ad
409 1686 468 1749 hoc
499 1686 594 1750 etiam
623 1703 687 1763 eos,
721 1704 801 1767 quos
830 1686 976 1768 superius
1007 1686 1313 1769 comprehendimus,
1346 1692 1366 1754 8

163 1791 194 1854 id
217 1795 267 1857 est
285 1791 470 1855 Nestorium
495 1794 527 1855 et
544 1792 766 1875 Eutychetem
787 1790 1027 1867 damnauerunt,
1052 1812 1131 1875 quos
1156 1812 1213 1857 uos
1238 1810 1314 1874 quo·

165 1917 221 1979 que
246 1898 446 1962 damnamus
486 1918 557 1961 nam
582 1917 638 1979 pro
662 1898 721 1962 hac
751 1917 848 1962 causa
876 1901 1069 1963 attestantur
1095 1898 1187 1963 uobis
1217 1899 1313 1963 etiam

164 2003 288 2069 diuinae
320 2004 446 2068 litterae
480 2004 518 2067 ad
551 2004 774 2068 Alexandriam
806 2025 867 2069 non
901 2006 1002 2070 semel
1034 2005 1090 2070 sed
1125 2006 1312 2070 multotiens

126 2128 147 2167 1⁵
165 2110 349 2183 destinatae,
374 2130 429 2193 per
452 2129 530 2193 quas
555 2110 809 2193 obiurgauimus,
834 2130 889 2175 our
913 2111 974 2175 sibi
997 2130 1059 2175 non
1088 2111 1314 2176 arbitrarentur

163 2236 254 2299 posse
280 2217 427 2283 sufficere
451 2216 603 2281 directam
628 2217 701 2281 fidei
725 2217 901 2282 doctrinam
924 2216 1107 2282 recedentes
1127 2218 1165 2282 ab
1185 2218 1311 2282 anathe-

163 2326 244 2388 mate
269 2324 538 2389 Chalcedonensis
568 2324 680 2407 synodi
708 2324 760 2388 uel
784 2324 980 2388 uenerandae
1003 2324 1174 2389 memoriae
1196 2324 1311 2389 Leonis

163 2430 312 2514 episcopi.
381 2430 465 2494 unde
494 2448 555 2495 non
583 2448 717 2512 paruum
747 2431 892 2496 studium
921 2430 1004 2514 apud
1031 2450 1089 2496 nos
1118 2434 1150 2495 et
1176 2431 1309 2496 intentio
1343 2440 1362 2503 9

161 2539 189 2602 in
212 2537 373 2621 praesenti
394 2555 519 2618 quoque
538 2536 698 2619 perdurat,
719 2541 875 2618 quatenus
895 2556 914 2600 a
933 2535 1091 2618 superfluo
1111 2537 1311 2600 anathemate

123 2660 144 2698 ²⁰
162 2644 287 2709 eosdem
321 2643 483 2726 possimus
518 2643 701 2706 abstrahere
731 2645 764 2706 et
791 2649 919 2707 sauctae
953 2643 1105 2707 ecclesiae
1137 2643 1310 2707 uniuersali

161 2750 359 2834 coniungere.
412 2749 450 2813 de
475 2749 615 2832 capitulo
638 2768 724 2826 uero,
751 2749 835 2831 quod
859 2750 964 2814 solum
988 2750 1117 2814 uidetur
1140 2768 1213 2815 essa
1233 2748 1362 2824 resi-10

161 2857 267 2933 duum,
296 2859 404 2920 nostra
431 2856 581 2920 uoluntas
610 2855 759 2938 petitioni
782 2859 909 2920 uestrae
933 2858 1068 2920 sortasse
1091 2860 1219 2937 propter
1241 2854 1309 2919 uni-

160 2966 254 3027 tatem
280 2963 488 3028 ecclesiarum
514 2967 713 3038 corruenerat‚
733 2962 795 3026 nisi
819 2962 881 3026 alia
904 2963 1140 3026 uenerabilibus
1165 2961 1309 3026 ecclesiis

161 3088 193 3132 er
215 3070 275 3134 hac
307 3088 340 3132 re
366 3069 486 3134 moueri
516 3068 665 3133 scandala
684 3069 895 3134 crederemus.
947 3089 1030 3133 nunc
1049 3069 1207 3144 uniuersa,
1228 3083 1355 3150 quael]

25 3165 26 3170 ’
122 3176 221 3240 assint
251 3175 407 3253 facienda,
440 3175 635 3258 perpendite,
666 3176 740 3258 quia
773 3194 869 3258 graue
903 3195 973 3240 esse
1002 3175 1168 3239 clementia
1200 3179 1309 3239 nostra

160 3280 277 3346 iudicat
305 3282 343 3345 de
373 3281 508 3346 ecclesia
536 3281 710 3346 uenerabili
742 3288 872 3364 propter
900 3285 1043 3346 mortuos
1071 3282 1165 3346 uiuos
1194 3281 1307 3363 expelli

161 3406 212 3452 uec
242 3388 308 3454 sine
338 3390 439 3454 multa
468 3389 621 3452 effusione
650 3389 780 3453 humani
810 3389 973 3472 sanguinis
998 3390 1119 3453 scimus
1142 3407 1236 3470 posse
1259 3406 1305 3465 ea,

161 3513 236 3576 quau
266 3513 362 3578 super
389 3495 450 3560 hoc
479 3494 630 3572 scribitis,
660 3495 807 3562 ordinari.
846 3496 952 3558 omnia
978 3497 1083 3558 tamen
1108 3513 1126 3557 a
1149 3494 1207 3559 deo
1237 3513 1306 3576 spe-

160 3603 259 3665 rantes
277 3601 447 3664 consilium
462 3600 577 3665 melius
598 3621 690 3685 agere
709 3603 855 3684 poteritis
871 3621 964 3684 quam
985 3601 1022 3665 ab
1042 3601 1093 3665 his
1113 3600 1305 3679 hominibus,

123 3724 144 3765 ao
161 3708 210 3788 qui
242 3712 371 3790 propter
404 3726 522 3772 errores
562 3727 637 3773 suos
674 3709 854 3791 prouincias
888 3712 1106 3790 percurrentes
1143 3707 1305 3771 inimicam

193 3931 361 4030 lcustodird
385 3975 857 4044 V(man.1atuid.):custodire
878 3997 896 4029 α
949 3977 1108 4031 9nicheam
1132 3977 1158 4030 V
1211 3977 1303 4030 decem

160 4063 220 4117 add.
240 4063 266 4134 p²
321 4067 356 4118 14
374 4065 452 4118 litere
477 4063 504 4117 V
554 4067 589 4119 24
607 4066 657 4120 hac
676 4067 807 4119 remoueri
831 4066 862 4128 V,
882 4067 1000 4121 corraei:
1018 4066 1070 4120 hoc
1087 4067 1212 4120 renouari
1230 4066 1303 4120 Bor.

159 4151 189 4204 27
206 4169 243 4222 ap,
262 4169 357 4223 possea
377 4169 461 4220 eaque
486 4153 512 4206 V
572 4155 606 4208 28
626 4155 744 4208 scribitis
764 4154 803 4207 0²:
823 4155 931 4224 scriptis
955 4155 982 4209 V
1037 4156 1071 4208 29
1091 4155 1248 4208 conscilium
1273 4153 1302 4213 1⁷,

160 4243 259 4296 marari
278 4243 327 4310 (cs.
348 4243 433 4297 Britr.
457 4245 473 4296 5
493 4244 866 4313 adn.1):<por>conciliurn
885 4245 957 4301 Bar.
1000 4245 1034 4298 30
1053 4261 1115 4296 suos
1134 4244 1219 4296 Bon:
1237 4261 1300 4296 suos

161 4331 203 4398 qui
227 4331 253 4385 V
