3025 4975
403 510 489 580 Epist.
510 509 654 566 CXXXXV
673 512 690 563 4
709 542 743 549 -
764 509 924 566 CXXXXVI
943 510 967 565 3.
1198 516 1260 579 591

128 710 222 771 tantae
248 726 356 771 curam
384 707 562 791 susciperet
591 706 726 773 actionis
755 710 788 772 et
814 708 943 772 maximi
966 706 1118 791 principis
1143 708 1182 773 ad
1204 726 1262 773 nos

128 812 261 878 mandata
282 814 444 895 perferret.

127 1150 271 1196 samm
302 1150 486 1195 salamonis
519 1149 670 1195 IOHANNIS
702 1150 848 1195 EPISCOI'I
880 1149 1259 1196 consannrlnorotrrhnr.

104 1274 115 1314 r
164 1274 273 1320 somno
300 1275 361 1319 rao
390 1275 430 1320 nr
460 1274 519 1319 nen
547 1274 645 1319 onnm
672 1275 727 1321 nsr
754 1275 895 1319 nnaroar
919 1273 1122 1319 sancrrssrro
1147 1274 1261 1319 sennar

127 1378 159 1424 nr
173 1380 370 1426 commemo
389 1380 564 1425 nonmsuas
584 1380 744 1426 romanas
763 1382 798 1425 rn
817 1380 932 1427 nourno
952 1380 1102 1425 saturnu.
1150 1360 1260 1427 Saluto

126 1470 252 1532 uestram
281 1467 495 1547 sanctitatem,
523 1467 693 1533 karissime
721 1468 752 1532 in
783 1467 909 1534 Christo
934 1468 1038 1546 frater,
1064 1470 1096 1531 et
1119 1468 1261 1533 salutans

126 1574 269 1655 praedico,
293 1574 443 1657 quoniam
466 1576 554 1638 recta
576 1573 655 1639 fides
680 1574 770 1638 salua
794 1576 843 1639 est
866 1576 899 1638 et
921 1572 1036 1639 caritas
1055 1572 1260 1638 fraternitatis

125 1679 235 1744 firmata
257 1684 317 1747 est.
341 1681 401 1745 hoc
426 1679 503 1744 deus
529 1680 617 1744 solus
640 1683 752 1763 potens
772 1698 828 1763 per
845 1680 988 1744 studium
1009 1678 1260 1745 Christianorum

93 1808 114 1846 n
128 1791 155 1849 ct
188 1787 403 1871 piissimorum
445 1787 672 1868 imperatorum
713 1784 782 1851 fieri
823 1786 937 1851 uoluit.
980 1786 1117 1851 scrihere
1160 1785 1260 1871 igitur

127 1893 283 1975 apostolice
308 1896 341 1957 et
363 1893 518 1976 rescripta
542 1893 703 1977 suscipere
726 1893 863 1959 fraterne
883 1892 934 1957 dei
952 1912 1058 1958 amore
1077 1892 1258 1977 dignemini.

126 2001 276 2081 egoenim
298 1998 479 2082 inquisibili
501 2000 624 2065 ratione
648 2000 824 2065 doctrinam
842 2003 1024 2065 sanctorum
1043 1999 1259 2082 apostolorum
1284 2002 1303 2063 2

126 2104 285 2171 secundum
321 2106 525 2172 traditionem
567 2110 749 2171 sanctorum
791 2109 917 2191 patrum
958 2110 1069 2171 tenens
1111 2106 1260 2171 similiter

100 2198 260 2277 ⁴honorem
287 2212 555 2278 consubstantiali
578 2216 610 2278 et
631 2233 688 2296 per
712 2212 817 2278 omnia
840 2217 969 2279 sanctae
991 2212 1127 2278 trinitati
1150 2214 1257 2291 offere,

93 2337 113 2376 a
127 2316 199 2383 sicut
219 2320 250 2383 in
268 2319 388 2385 Nicaea
405 2322 620 2385 trecentorum
639 2320 749 2385 decem
769 2323 802 2385 et
821 2323 892 2385 octo
912 2322 1022 2385 coetus
1040 2318 1259 2403 promulgauit

128 2427 155 2488 et
173 2425 202 2490 in
223 2425 498 2510 Constantinopoli
522 2428 649 2492 centum
674 2426 905 2512 quinquaginta
924 2431 1100 2492 conuentus
1119 2424 1258 2490 firmauit

126 2535 154 2594 et
184 2531 212 2597 in
234 2533 401 2618 Ephesena
424 2532 526 2606 (CC)
549 2535 714 2600 concursio
750 2534 891 2599 firmauit
928 2535 960 2600 et
992 2533 1024 2598 in
1059 2532 1257 2598 Chalcedone

126 2643 285 2705 conuentus
325 2641 501 2706 catbochs
539 2641 689 2725 signauit.
727 2641 810 2706 hanc
847 2660 922 2726 ergo
954 2641 1049 2705 fidem
1083 2659 1185 2722 usque
1218 2640 1301 2707 add

126 2743 258 2810 ultimum
269 2746 444 2811 anhelitum
454 2747 638 2832 pergratias
650 2747 834 2812 custodiens
846 2746 1044 2830 spiritalibus
1060 2746 1256 2829 amplexibus

93 2851 180 2915 atam
203 2857 342 2918 uestram
366 2853 570 2919 sanctitatem
593 2874 688 2938 quam
712 2858 745 2920 et
768 2854 957 2920 orthodoxas
981 2854 1132 2920 ecclesias
1152 2853 1255 2918 animo

153 3165 213 3221 tlt.
292 3165 363 3220 Dat.
392 3164 490 3232 (simul
516 3181 578 3220 cnm
605 3183 662 3236 epp.
693 3169 750 3220 143
778 3172 803 3221 et
828 3170 895 3234 147)
925 3183 951 3220 a.
980 3169 1034 3220 518
1059 3165 1104 3220 die
1129 3169 1146 3220 7
1171 3163 1254 3234 Sept..

124 3259 209 3322 aoeept.
228 3254 272 3308 die
288 3257 332 3308 20
348 3253 424 3316 Dec,
438 3271 493 3324 per
512 3253 640 3309 Gratum.
753 3255 828 3309 ls’dd.
851 3255 915 3309 Cer.
939 3253 970 3308 1²
991 3255 1061 3322 479,·
1079 3253 1150 3308 Bar.
1170 3253 1210 3307 ad
1228 3270 1254 3308 a.

125 3343 177 3404 518,
200 3346 253 3411 ⁷25
279 3343 388 3398 Collect.
412 3343 531 3410 Concil.;
551 3343 631 3400 Tler'el
654 3347 723 3402 832.
777 3347 1056 3399 lconsranrmorom
1078 3343 1105 3396 V
1155 3342 1253 3412 9hoc]

122 3455 165 3529 hqc
184 3463 227 3525 (ε
249 3459 299 3530 hcc
322 3458 397 3525 ?)V
451 3460 485 3514 10
506 3425 744 3530 ippemtoran
798 3460 829 3515 11
858 3459 1007 3529 susscipere
1031 3457 1059 3511 V
1114 3457 1197 3512 amari
1221 3457 1253 3522 V,

122 3561 181 3600 corr.
198 3546 224 3619 ρ’
259 3549 293 3603 12
310 3547 414 3602 racioni
437 3546 556 3614 V‚cerr.
578 3547 644 3603 Car.
687 3550 720 3605 15
738 3550 835 3604 nichea
858 3549 884 3603 V
925 3549 958 3603 16
978 3547 1256 3616 constantinopollV

122 3630 175 3733 reio
186 3705 192 3718 .
202 3681 248 3720 ux.
268 3665 299 3726 V,
314 3680 384 3720 corr.
402 3663 467 3719 Car.
505 3665 538 3718 ll
558 3665 694 3734 ephesena
708 3668 754 3732 (cc.
769 3666 884 3734 synodo,
898 3666 934 3734 cf.
948 3681 975 3734 p.
989 3665 1057 3732 653,
1072 3667 1107 3718 14
1121 3668 1146 3717 et
1160 3663 1206 3734 18)
1222 3681 1252 3716 a:

121 3751 241 3818 pheraeus
269 3753 295 3808 V
371 3769 401 3808 cc
418 3753 524 3808 insani
612 3755 751 3808 concursio
780 3753 815 3808 V:
839 3769 869 3808 oo
895 3753 970 3816 Can,
990 3769 1133 3806 concursus
1153 3751 1253 3806 ducen-

123 3870 198 3922 torum
211 3869 290 3925 llu'el
326 3869 360 3925 18
379 3869 530 3924 catholicus
549 3871 683 3939 temptant
700 3835 801 3925 caldius
819 3868 852 3932 V,
871 3885 951 3924 nom
972 3867 1047 3934 Car„
1067 3869 1254 3922 sexcentorum

123 3955 221 4024 uagina
237 3963 344 4029 patrum
359 3957 431 4012 Bar.
503 3958 625 4027 signauit
638 3977 656 4010 α
672 3964 743 4012 reete
759 3957 917 4028 intellepens
939 3957 1133 4012 correctionem
1152 3956 1254 4012 codiee

127 4041 202 4113 Ποῖ.
220 4047 340 4103 libellam
356 4047 554 4102 memdicmnr
570 4049 677 4119 cynodo
699 4047 1029 4116 Constantinopolitanae
1047 4061 1074 4102 a.
1096 4047 1155 4100 536
1173 4044 1252 4099 obla-

125 4162 173 4212 ιω
193 4161 267 4231 apta
285 4163 433 4217 osannam
459 4161 542 4216 rrrr
559 4167 639 4217 roas
664 4163 710 4232 cp:
733 4130 852 4217 erilem
875 4161 901 4216 ν
921 4163 950 4230 (a.
971 4179 991 4216 e.
1012 4161 1108 4232 gnane
1131 4177 1199 4216 corr.
1220 4177 1252 4214 aa

126 4245 244 4316 firmauit),
261 4251 381 4306 firmauit
400 4251 430 4306 α*
447 4267 508 4306 cam
526 4252 604 4307 codd.
623 4239 818 4308 recentia-Ebur
887 4252 920 4306 19
940 4251 1070 4305 caelitum
1094 4251 1120 4302 V
1190 4266 1252 4320 gra·

128 4334 171 4388 tim
189 4337 224 4392 V:
240 4342 354 4411 gratiam
374 4339 419 4394 dei
437 4340 508 4395 Bar.
599 4342 775 4412 ampleximus
800 4341 831 4405 V.
855 4357 924 4396 corr.
942 4341 1013 4396 Bar.
1104 4341 1139 4393 20
1159 4338 1250 4393 orhto-

131 4420 191 4478 doris
210 4427 239 4494 V,
257 4446 323 4485 corr.
344 4427 372 4481 οἳ
446 4430 509 4484 (cx)
531 4432 620 4486 animo
639 4431 709 4485 Bar.

174 4547 242 4592 uxr
255 4564 307 4602 pm
321 4557 342 4595 a.
1146 4531 1180 4586 38
