3025 4975
551 477 637 546 Epist.
657 474 702 531 CV
722 476 737 528 7
757 508 790 516 -
811 476 885 532 CVII
904 477 929 531 2.
1246 481 1311 545 499

163 672 287 753 placere
317 676 349 736 et
377 692 435 737 non
465 674 567 757 magis
596 673 745 737 uniuersa
774 674 947 738 secuudum
975 675 1104 739 beatum
1129 676 1310 757 apostolum

164 779 339 843 saecularia
363 782 616 844 contemnentem
640 780 678 845 ab
703 800 759 863 spe
783 801 844 845 non
867 782 972 863 possit
994 781 1166 847 exorbitare
1193 782 1311 845 futura.

163 884 271 949 hortor·
293 890 424 968 propter
447 906 614 951 commune
633 887 821 964 remedium,
841 887 942 953 inuito
961 906 1016 970 pro
1037 888 1139 952 salute
1158 886 1311 965 fidelium,
1335 890 1356 955 4

164 996 291 1075 propter
315 990 492 1077 generalem
517 992 634 1059 suadeo
658 992 859 1059 medicinam.
884 994 1114 1077 quisnamque
1143 997 1310 1059 contentus

134 1103 213 1163 sest
236 1100 297 1164 hos
321 1098 429 1164 uidere
454 1099 586 1178 diuisor,
612 1120 746 1182 quorum
769 1102 1021 1183 potestaeunitate
1046 1102 1196 1185 gloriari?
1227 1099 1312 1165 unde

165 1224 242 1289 opus
278 1210 329 1271 est
360 1207 467 1271 labore
502 1206 672 1285 communi,
701 1212 738 1272 ut
766 1208 837 1285 hoc,
866 1207 950 1290 quod
979 1228 997 1271 a
1023 1208 1166 1291 patribus
1195 1208 1310 1271 nostris

164 1313 356 1394 accepimus,
382 1320 604 1379 conseruantes
630 1314 733 1379 securi
758 1314 796 1379 de
820 1314 870 1379 his
893 1314 925 1378 in
948 1314 1004 1379 illo
1025 1314 1130 1378 diuino
1149 1314 1311 1397 possimus

164 1424 283 1485 asstare
307 1420 435 1486 iudicia.

680 1614 789 1697 (roa.)

124 1764 147 1802 n
205 1758 321 1802 rrcron
344 1758 540 1803 nrrrsrasrus
565 1758 635 1803 rurs
663 1758 751 1803 rsrrx
780 1759 922 1803 rncrrrcs
951 1759 1167 1805 rarr'rrnnron
1195 1758 1312 1802 saunas

163 1864 323 1909 suarsrrs
356 1864 531 1909 noamsnns
565 1864 767 1909 sarcarssruo
800 1865 842 1909 nc
871 1864 1032 1909 nemoroso
1063 1863 1309 1908 ancursnrscoro

162 1970 200 2013 ar
223 1970 460 2015 enrarsncusr.
524 1950 722 2015 Beatitudini
745 1954 870 2016 uestrae
893 1970 953 2016 non
978 1955 1129 2034 putamus
1150 1951 1309 2035 ignotum,

163 2058 246 2139 quod
269 2078 326 2141 pro
349 2058 501 2142 temporis
526 2058 678 2141 qualitate
697 2058 894 2141 loquendum
914 2063 1007 2141 atque
1025 2058 1195 2123 tacendum
1213 2058 1309 2121 etiam

164 2162 288 2229 diuinae
318 2165 491 2247 scripturae
519 2166 653 2247 prouida
681 2169 731 2231 est
763 2166 989 2231 ammonitione
1022 2165 1223 2248 dispositum.
1262 2183 1310 2228 er-

124 2275 272 2337 aactum
309 2272 440 2355 proinde
478 2273 596 2337 silentii
633 2276 761 2355 tempus
799 2274 1006 2337 incitamenta
1037 2272 1128 2337 nobis
1159 2271 1311 2354 loquendi

163 2378 321 2444 concessit
344 2382 438 2461 atque
462 2378 533 2444 ideo
558 2384 749 2463 oportunum
775 2399 845 2445 esse
868 2380 1097 2462 perspeximuS,
1123 2397 1202 2461 quae
1226 2377 1310 2461 apud

163 2505 217 2550 nos
248 2486 309 2550 sub
337 2486 502 2571 religionis
532 2486 636 2570 specie
666 2488 917 2562 commonentur,
946 2485 1070 2550 auditui
1094 2489 1200 2550 uestro
1225 2505 1308 2550 com-

163 2591 298 2656 mittere.
327 2596 399 2656 ante
423 2593 483 2658 hoc
508 2593 665 2675 siquidem
685 2593 802 2658 duritia
821 2613 939 2670 eorum,
960 2593 1076 2676 quibus
1095 2593 1308 2674 episcopatus,
1331 2598 1352 2660 2

164 2717 256 2780 qrrem
279 2717 362 2762 nunc
387 2699 509 2784 geritis,
533 2705 601 2765 erat
628 2701 811 2766 sollicitudo
841 2701 1023 2778 commissa,
1051 2703 1224 2783 temperare
1251 2718 1308 2763 nos

127 2823 181 2868 aa
212 2805 466 2870 transmittendis
499 2806 637 2871 faciebat
669 2807 831 2889 epistolis3
867 2826 950 2871 nunc
978 2810 1085 2871 autem
1114 2825 1241 2871 currens
1270 2804 1308 2868 de

165 2911 253 2976 uobis
279 2911 388 2976 suauis
413 2913 519 2996 opinio
545 2913 582 2977 ad
605 2914 791 2978 memoriam
809 2918 949 2978 nostram
968 2913 1143 2977 bonitatem
1162 2916 1308 2995 paternae

165 3017 337 3083 affectionis
362 3017 501 3098 adduxit,
525 3025 562 3084 ut
584 3020 640 3084 illa
662 3021 873 3103 requiramus,
902 3038 982 3102 quae
1011 3019 1089 3084 deus
1114 3023 1146 3083 et
1169 3018 1310 3082 saluator

166 3129 268 3188 noster
300 3128 428 3189 sanctos
462 3125 623 3207 apostolas
657 3125 765 3190 diuino
799 3144 941 3190 sermone
974 3126 1083 3190 docuit
1111 3144 1148 3190 ac
1175 3125 1309 3188 maxime

166 3229 291 3294 beatum
310 3231 452 3310 Petrum,
477 3231 508 3296 in
534 3252 596 3316 quo
620 3231 840 3298 fortitudinem
865 3233 1017 3298 ecclesiae
1038 3252 1113 3297 suae
1133 3231 1309 3297 const'tnit.

252 3388 265 3441 1
285 3386 339 3440 Tit.
359 3388 384 3451 2,
405 3389 439 3442 12
494 3391 528 3445 13
547 3390 618 3445 Eccl.
639 3391 664 3454 3,
684 3392 700 3444 7

198 3507 265 3564 aab
289 3510 325 3564 V:
346 3527 395 3566 ao
458 3513 580 3567 3inuita
605 3515 633 3582 V,
653 3531 754 3568 corma
819 3516 1026 3584 ‹lcontcnrptus
1049 3513 1076 3568 V
1132 3513 1254 3567 lsecuri
1275 3512 1308 3566 de

166 3597 204 3652 his
221 3601 330 3669 scripsi:
351 3601 468 3673 secunde
487 3602 529 3656 his
553 3601 584 3667 V,
604 3619 694 3656 secum
717 3603 818 3666 Coust,
838 3620 932 3657 secure
954 3603 1033 3657 Tiriel

197 3689 263 3742 lot.
319 3689 387 3744 Dat.
407 3691 503 3756 (sirnad
520 3707 580 3746 cam
599 3709 637 3760 ep.
658 3696 727 3758 105)
748 3710 774 3746 a.
797 3697 850 3746 515
870 3693 914 3748 dic
931 3696 967 3746 12
984 3694 1050 3746 lan.
1069 3709 1122 3760 per
1139 3691 1310 3752 Patricium

166 3783 274 3846 accepta
293 3779 410 3833 amilcar
431 3779 501 3832 anai
519 3781 563 3833 dis
581 3783 622 3834 28
639 3781 728 3835 Mart.
813 3782 888 3836 Eud,
911 3783 974 3836 Car.
993 3779 1025 3834 1²
1045 3784 1118 3846 437,-
1136 3779 1207 3833 Bar.
1227 3779 1266 3833 ad
1281 3795 1307 3832 a.

167 3868 224 3925 515,
246 3871 277 3933 3,·
299 3866 408 3922 Collect.
430 3868 548 3934 Cessit,
571 3869 650 3924 Thiel
672 3873 735 3923 742.
800 3871 848 3924 Ea
865 3871 919 3924 hcc
936 3870 1057 3938 epistula
1075 3875 1100 3924 ct
1118 3886 1159 3931 aa,
1179 3884 1250 3936 quac
1267 3883 1307 3921 se·

165 3955 262 4021 poitur,
281 3956 422 4010 nonnulla
441 3973 525 4025 caprea
542 3958 587 4011 laic
604 3958 664 4012 illic
683 3975 701 4011 a
719 3957 746 4011 V
762 3959 953 4029 discrepantia
971 3959 1064 4027 adfert
1077 3959 1177 4012 Petrus
1191 3957 1310 4010 Crassus

166 4046 193 4098 irr
211 4045 302 4100 libello
316 4063 343 4098 a.
358 4048 437 4098 1080
452 4045 571 4102 Herrra'cc
587 4047 636 4101 IV
648 4048 742 4102 adlato
758 4048 812 4113 (cd.
828 4047 862 4101 L.
876 4048 910 4101 de
923 4047 1109 4113 Hesionam,
1123 4047 1203 4100 Illaec.
1218 4045 1307 4099 Gerra.

165 4132 232 4196 list,
254 4133 355 4189 Licere.
376 4135 408 4188 dc
427 4135 473 4189 lits
491 4137 583 4204 impar.
595 4177 601 4189 .
614 4178 620 4190 .
635 4137 656 4188 I
662 4154 692 4205 p.
711 4140 793 4203 437).
813 4155 869 4206 qua
889 4137 922 4190 dc
934 4153 963 4190 rc
976 4137 1048 4203 aide,
1064 4152 1141 4202 puae.
1151 4137 1266 4202 arposui
1279 4136 1310 4186 ia

166 4221 267 4292 Prolep.
281 4239 341 4292 cap.
358 4224 378 4276 Ι
388 4224 438 4278 aab
451 4226 507 4292 piac
561 4225 592 4278 11
614 4225 819 4294 religiosissimo
839 4226 930 4280 Crass.
951 4225 1014 4279 Car.
1073 4225 1104 4278 17
1125 4224 1265 4277 comittere
1285 4223 1309 4274 V

169 4311 199 4364 19
217 4313 330 4366 comissa
354 4311 380 4362 V
449 4315 484 4368 20
503 4313 706 4368 transmitendis
730 4314 756 4368 V
836 4331 944 4368 currens
965 4314 1178 4367 accurrentium
1199 4328 1266 4366 corr.
1286 4310 1313 4365 V

168 4399 199 4452 22
218 4401 366 4455 affectionis
391 4407 526 4464 (uestrae)
547 4401 639 4458 Crass.
695 4403 729 4457 21
748 4403 935 4457 beatissimum
958 4403 1049 4457 Crass.
