3025 4975
549 492 636 563 apra.
658 490 752 547 cxxx
771 493 868 547 e-ro.
1215 499 1276 562 551

137 686 297 751 bominum
325 689 448 751 terrena
475 688 590 752 messis
620 688 789 772 adsurgat:
822 690 941 770 quanto
971 692 1020 754 est
1047 688 1147 773 igitur
1172 690 1280 757 labore

136 792 376 877 procurandum,
409 796 447 858 ut
484 794 634 859 caelestia
671 794 752 859 dona
784 813 844 858 non
877 798 1031 877 pereant?
1087 796 1195 879 quieta
1231 799 1282 863 est
1313 794 1334 856 6

135 900 369 984 neglegentium
401 900 470 965 uita
502 901 558 965 sed
586 920 647 965 non
683 901 834 983 opulenta
866 902 1055 967 substantia.
1088 902 1203 986 dignus
1232 907 1283 968 est

136 1006 306 1090 operarius,
340 1008 376 1070 ut
408 1007 549 1071 fructum
586 1006 741 1071 mercedis
775 1006 920 1089 accipiat.
958 1006 1129 1072 indiscreta
1160 1008 1282 1091 passim

108 1114 233 1195 epietas
270 1133 342 1177 cum
375 1114 540 1195 impietate
576 1113 808 1198 languesceret,
843 1114 871 1177 si
903 1114 1093 1178 examinatio
1130 1114 1230 1180 bonos
1264 1134 1283 1179 a

135 1220 224 1285 malis
245 1219 390 1284 diuisura
409 1222 558 1285 cessaret.
579 1223 704 1304 gratum
724 1218 896 1283 admodum
915 1220 1136 1303 spectaculum
1155 1220 1281 1285 domino

135 1331 182 1392 est
207 1326 241 1391 in
272 1345 372 1409 agone
404 1326 562 1390 iustorum
592 1344 650 1390 neo
678 1326 849 1408 quicquam
876 1326 923 1390 ita
950 1345 1118 1409 supernam
1147 1326 1282 1411 gratiam

135 1433 285 1499 conciliat
307 1433 428 1499 homini
453 1434 538 1498 sicut
566 1431 772 1497 aduersorum
799 1432 940 1514 impetus
967 1433 1124 1514 patienter
1150 1433 1282 1516 excepti.

135 1542 203 1625 quis
231 1540 354 1605 milites
383 1540 442 1604 sub
470 1540 559 1623 pacis
588 1539 759 1604 securitate
794 1540 949 1603 miretur?
982 1558 1043 1604 non
1073 1543 1122 1604 est
1149 1540 1282 1604 arduum
1317 1540 1335 1603 7

97 1674 118 1715 ro
134 1648 164 1712 in
185 1648 272 1713 sicco
293 1666 405 1711 secura
422 1646 528 1710 fixisse
552 1644 689 1730 uestigia
708 1664 766 1710 nec
786 1650 884 1711 artem
905 1646 1124 1730 gubernatoris
1145 1646 1285 1712 ostendit

134 1755 255 1819 marina
269 1754 501 1836 tranquillitas3
522 1752 599 1817 satis
620 1754 669 1817 est
690 1754 883 1835 intrepidum
902 1754 985 1817 inter
1002 1754 1087 1818 bella
1104 1753 1283 1836 procedere,

134 1862 213 1926 inter
244 1860 370 1926 lubrica
399 1880 461 1925 non
488 1859 605 1939 labare,
638 1859 755 1924 fluctus
789 1860 822 1923 in
849 1862 1040 1940 tempestate
1073 1861 1283 1925 contemnere.

136 1968 257 2033 saeuiat
290 1969 323 2031 et
358 1968 466 2031 motus
505 1984 580 2031 suos
619 1970 762 2031 exerceat
796 1966 956 2031 mundana
991 1968 1170 2049 temptatio,
1208 1964 1284 2029 dum

135 2073 296 2139 manifesti
326 2074 497 2156 appareant
525 2073 579 2154 qui
607 2073 789 2155 probantur.
840 2075 918 2137 hacc
947 2072 1095 2151 scientes,
1124 2071 1284 2137 karissimi
1317 2074 1337 2139 8

100 2208 119 2245 ιε
135 2181 258 2258 iratres,
292 2178 366 2244 fidei
399 2184 525 2243 uestrae
561 2181 667 2243 tenete
702 2179 915 2243 constantiam
949 2182 981 2243 et
1011 2179 1081 2262 ipsa
1112 2178 1217 2255 etiam,
1257 2178 1284 2242 si

134 2285 312 2361 inciderint,
332 2284 503 2348 militantia
521 2284 642 2348 meritis
662 2285 779 2349 uestris
800 2288 902 2350 amate
917 2285 1068 2367 pericula.
1088 2284 1283 2354 annuntiate.

138 2412 212 2475 quae
252 2390 375 2470 colitis,
411 2394 443 2455 et
484 2391 669 2476 participate
712 2391 808 2455 etiam
849 2410 906 2475 per
946 2393 1133 2456 uniuersum
1175 2391 1282 2456 orbem

138 2501 285 2566 mandata
322 2499 515 2582 euangelica,
557 2517 636 2580 quae
671 2498 796 2562 tenetis.
839 2518 937 2583 supra
977 2499 1135 2582 stipendia
1175 2500 1284 2563 uestra

139 2607 289 2672 correctio
319 2624 444 2688 quoque
468 2605 560 2670 nobis
585 2605 786 2670 adscribatur
814 2605 924 2671 aliena.
971 2606 1054 2670 inter
1079 2611 1283 2688 peccatorum
1316 2610 1336 2674 9

100 2713 418 2792 denumerationem,
452 2711 568 2794 quibus
602 2710 664 2776 sibi
693 2711 831 2776 diuinam
861 2713 995 2796 gratiam
1023 2713 1136 2796 plenus
1170 2712 1285 2794 spiritu

141 2820 186 2884 dei
217 2819 375 2904 propbeta
404 2819 563 2897 conciliat,
596 2819 679 2883 inter
707 2839 752 2898 ea,
783 2819 899 2902 quibus
932 2819 1193 2897 misericordiam,
1223 2837 1285 2901 qua

141 2929 356 3004 conseruetur,
381 2929 496 3006 exorat,
522 2924 633 2991 docere
658 2943 692 2990 se
715 2926 843 3008 iniquos
867 2927 936 2990 uias
961 2925 1081 2990 domini
1104 2930 1137 2990 et
1156 2945 1283 2990 conuer-

142 3035 260 3099 sionem
292 3051 349 3116 per
382 3051 415 3097 se
447 3032 515 3097 fieri
548 3033 710 3115 praedicat
736 3032 919 3116 impiorum.
948 3032 1044 3112 beati,
1074 3033 1189 3116 quibus
1217 3033 1286 3097 uita

142 3139 321 3204 innocenter
349 3143 419 3203 acta
443 3138 497 3203 dat
523 3139 715 3223 praemium3
746 3138 843 3216 beati,
867 3158 923 3223 per
950 3159 1029 3222 quos
1059 3139 1131 3204 aliis
1160 3158 1285 3221 quoque

101 3277 126 3315 aa
143 3249 319 3327 praestatur
337 3246 524 3330 exemplum.
573 3249 605 3309 et
627 3265 684 3310 nos
710 3245 848 3327 quidem,
874 3252 1029 3329 quantum
1053 3246 1083 3310 in
1107 3246 1199 3310 nobis
1225 3248 1338 3323 estid

144 3373 195 3418 neo
219 3353 438 3418 sollicitudine
466 3371 523 3417 neo
545 3353 652 3418 labore
677 3372 850 3431 cessamus,
876 3356 913 3417 ut
936 3353 1160 3428 humilitatem,
1190 3372 1285 3436 quam

144 3479 197 3524 nos
219 3459 369 3525 dominus
392 3462 500 3526 noster
522 3459 640 3538 docuit,
665 3459 793 3538 imitati,
815 3479 894 3543 quae
919 3459 1015 3524 saluti
1039 3478 1149 3524 eorum
1173 3477 1286 3523 conue-

143 3565 241 3644 niunt,
263 3566 477 3649 postulamur,
500 3569 539 3630 ut
561 3565 808 3648 dispensationis
832 3566 910 3630 milri
936 3565 1072 3630 creditae
1096 3563 1172 3629 dum
1192 3583 1286 3648 agno·

145 3673 240 3736 scitur
268 3691 353 3751 cura,
381 3672 556 3756 probentur
590 3671 702 3738 officia.
732 3691 805 3736 nam
837 3673 972 3754 repetita
1004 3672 1075 3736 uico
1107 3660 1286 3735 llnnod'ium

101 3807 126 3849 en
144 3779 235 3860 atque
271 3779 478 3863 Peregrinum
512 3779 624 3844 fratres
658 3781 690 3843 et
726 3779 933 3862 coepiscopos
970 3782 1097 3843 nostros
1138 3777 1287 3842 mandata

143 3886 301 3968 legatione
334 3885 504 3950 direximus
536 3886 690 3952 rationem
723 3885 960 3951 adhortationes
995 3903 1105 3968 preces
1139 3884 1285 3949 lacrimas

232 4094 248 4147 3
266 4111 307 4164 sq.
327 4094 360 4150 cf.
379 4093 443 4151 Luc.
464 4095 506 4159 10,
526 4096 540 4149 7
598 4095 631 4148 14
651 4095 685 4150 cf.
705 4093 766 4151 Cor.
785 4094 799 4148 I
821 4096 860 4158 ll,
882 4096 914 4148 19
970 4096 1004 4148 22
1022 4094 1121 4147 Psalm.
1141 4093 1185 4156 50,
1206 4093 1239 4146 15

182 4215 296 4271 3<uoti>
310 4217 440 4287 opulenta
463 4217 526 4272 Car.
596 4218 745 4288 dgradum
769 4218 801 4281 V,
820 4233 889 4271 corr.
908 4216 936 4269 0²
999 4217 1132 4272 9miles.
1149 4257 1155 4270 .
1170 4217 1288 4268 merctur

146 4305 209 4360 Car.
252 4306 284 4358 12
303 4306 395 4360 lauare
415 4305 446 4369 V,
466 4321 561 4360 corano
609 4308 641 4360 19
661 4311 832 4378 peccatorum
851 4306 888 4361 V:
907 4310 1055 4360 ceterorum
1068 4303 1095 4355 ο2
1135 4305 1168 4357 21
1183 4303 1287 4356 miseri·

147 4392 236 4446 cordia
258 4394 289 4458 V,
309 4410 377 4448 corr.
399 4392 425 4464 9²
480 4395 514 4450 28
533 4395 810 4466 disspensacionisV
860 4396 893 4448 29
913 4396 1033 4463 repecita
1056 4393 1083 4448 V
