3025 4975
544 472 631 543 Epist.
651 471 784 527 CXXXIX
806 472 917 528 16-21.
1238 478 1301 541 571

158 670 317 735 Romanus
342 668 494 733 diaconus
516 672 548 733 et
566 668 724 733 lohannes
747 668 912 751 presbyter
935 671 973 733 ut
996 688 1100 752 supra.
1146 668 1358 739 Eusebiusltl

159 774 404 841 archimandrita
432 778 465 839 et
490 775 662 840 Eustasius
694 776 860 860 presbyter
885 777 923 839 nt
950 794 1055 859 supra.
1110 775 1245 840 Iacobus
1273 779 1306 841 et

157 880 314 947 Eusebius
342 882 521 965 presbyteri
549 884 587 945 nt
614 900 720 963 supra.
777 880 909 964 Sergius
939 885 972 944 et
997 882 1102 946 Maras
1129 882 1306 965 presbyteri

159 994 322 1071 utsupra.
373 988 527 1053 Iohannes
552 990 584 1053 et
606 988 749 1053 Iulianus
772 988 949 1071 presbyteri
972 992 1010 1052 ut
1033 1008 1138 1071 supra.
1184 987 1305 1053 Paulus

130 1100 188 1160 aet
209 1096 335 1161 Isacins
359 1095 536 1179 presbyteri
559 1098 596 1159 ιιι
620 1114 726 1178 supra.
778 1094 916 1159 Thomas
941 1097 974 1159 et
995 1094 1155 1160 Dasianus
1178 1095 1305 1179 presby-

157 1204 212 1269 teri
244 1206 284 1267 ut
318 1223 422 1285 supra.
470 1203 643 1289 ¹lohannes
681 1205 713 1267 et
745 1201 882 1267 Danihel
919 1202 1096 1286 presbyteri
1131 1207 1169 1267 nt
1200 1220 1305 1283 snpra.

158 1312 297 1375 Zeuenas
335 1310 500 1393 presbyter
533 1312 565 1373 et
596 1309 709 1374 Azizos
744 1308 896 1373 diaconus
929 1312 961 1373 et
992 1308 1240 1374 archimandrita
1269 1300 1358 1372 ut20

157 1436 260 1501 supra.
308 1417 489 1481 Antoninus
510 1416 662 1481 diaconus
687 1417 719 1479 et
742 1414 987 1481 archimandrita
1009 1419 1042 1480 et
1060 1414 1198 1499 Cyrillus
1220 1433 1307 1496 pres-

156 1524 243 1607 byter
263 1526 302 1587 ut
321 1543 426 1607 supra.
473 1523 529 1588 Iob
548 1523 714 1605 presbyter
732 1525 766 1586 et
784 1521 965 1605 Stephanus
984 1522 1137 1587 diaconus
1155 1524 1188 1587 et
1206 1521 1306 1586 archi·

119 1654 141 1693 10
155 1630 313 1695 mandrita
344 1633 382 1695 ut
414 1649 519 1713 supra.
580 1630 703 1694 Bassus
733 1628 886 1693 diaeonus
914 1632 947 1693 et
973 1627 1114 1694 Basilius
1141 1627 1306 1711 presbyter

156 1741 311 1819 utsupra
354 1736 542 1821 Symeonius
559 1740 591 1800 et
606 1736 764 1801 lohannes
777 1735 955 1818 presbyteri
970 1739 1007 1799 nt
1022 1754 1128 1818 supra.
1170 1735 1305 1800 Iacobus

156 1844 319 1926 presbyter
352 1844 383 1906 et
414 1842 558 1907 Iulianus
596 1840 748 1906 diaeonus
783 1844 816 1905 et
847 1840 1092 1906 archimandrita
1127 1844 1165 1905 ut
1200 1860 1305 1924 supra.

157 1949 345 2033 Symeonius
369 1952 402 2013 et
419 1949 531 2015 Alfeus
554 1948 731 2032 presbyteri
755 1951 793 2011 ut
816 1966 921 2030 supra.
966 1948 1122 2013 Iohannes
1140 1948 1307 2032 presbyter

157 2058 187 2120 et
205 2056 325 2121 Petrus
355 2054 506 2121 diaconus
536 2058 573 2119 ut
601 2074 707 2138 snpra.
768 2054 905 2118 Danihel
933 2054 1084 2120 diaconus
1113 2057 1146 2118 et
1171 2054 1304 2119 Nonnus

118 2188 140 2227 n
155 2162 304 2228 diaconus
330 2164 363 2227 et
386 2162 629 2227 archimandrita
652 2166 689 2226 nt
713 2180 820 2244 supra.
866 2160 1042 2225 Alexander
1059 2163 1091 2225 et
1108 2160 1304 2243 Epiphanius

155 2269 329 2353 presbytcri
349 2272 511 2349 utsupra.
560 2268 668 2333 Zoilus
690 2270 722 2331 et
735 2267 928 2332 Habramius
947 2267 1124 2350 presbyteri
1142 2270 1180 2331 ut
1198 2286 1303 2350 supra.

153 2375 293 2440 lulianus
322 2376 489 2458 presbyter
517 2377 549 2439 et
571 2374 727 2439 Iohannes
757 2373 908 2439 diaconus
938 2377 971 2438 et
997 2373 1242 2439 archimandrita
1268 2376 1305 2437 ut

154 2502 255 2566 supra.
300 2481 433 2548 Caruias
453 2483 486 2546 et
505 2478 694 2564 Symeonius
714 2480 891 2564 presbyteri
910 2484 947 2544 ut
966 2501 1070 2564 supra.
1114 2480 1302 2546 Timotheus

154 2589 302 2656 diaconus
319 2592 352 2653 et
364 2589 479 2653 Petrus
493 2589 658 2671 presbyter
677 2589 714 2652 ut
731 2607 836 2669 supra.
881 2587 1088 2652 Macedonius
1102 2587 1301 2661 <diaconus>
1313 2596 1353 2658 21

115 2724 137 2764 ιο
153 2700 183 2762 et
203 2695 450 2761 archimandrita
473 2699 511 2760 nt
535 2714 640 2777 supra.
702 2695 847 2760 Domnus
871 2693 1115 2759 archimandrita
1137 2697 1174 2758 ut
1196 2713 1303 2775 supra.

152 2803 306 2868 Iohannes
335 2803 579 2890 archimandrita
608 2806 645 2867 ut
673 2821 778 2886 supra.
840 2801 1028 2884 Symeonius
1056 2801 1252 2874 <diaconus>
1270 2803 1304 2865 et

154 2909 396 2974 archimandrita
419 2911 456 2973 ut
480 2929 587 2992 supra.
634 2909 745 2974 Menas
771 2907 924 2973 diaconus
948 2913 981 2971 et
1003 2906 1248 2972 archimandrita
1270 2911 1303 2972 et

153 3016 350 3081 Berabsabas
374 3015 541 3099 presbyter
564 3017 600 3080 nt
623 3035 729 3098 supra.
794 3014 925 3099 Sergius
953 3015 1120 3098 presbyter
1147 3017 1180 3078 et
1201 3014 1301 3079 Theo-

153 3121 244 3188 dorus
280 3121 527 3188 archimandrita
564 3126 601 3187 ut
633 3142 738 3204 sopra.
795 3121 961 3186 Beniamin
995 3120 1238 3186 archimandrita
1269 3124 1301 3184 et

115 3229 269 3298 alsacios
298 3230 466 3313 presbyter
494 3233 532 3292 nt
560 3248 666 3313 supra.
721 3228 858 3294 Danihel
884 3228 1050 3311 presbyter
1073 3231 1106 3292 et
1128 3226 1300 3291 archiman-

154 3335 231 3400 drita
259 3340 292 3400 et
319 3337 457 3400 Abraam
487 3335 732 3401 archimandrita
759 3339 798 3401 ut
825 3355 932 3420 supra.
985 3334 1173 3417 Symeonius
1200 3333 1300 3397 archi-

152 3443 306 3507 mandrita
330 3447 367 3507 ut
390 3463 496 3526 supra.

187 3634 218 3686 16
236 3633 333 3688 aoillus
356 3633 383 3685 V
436 3633 468 3688 18
488 3634 634 3687 simeonius
658 3633 685 3685 V
739 3634 772 3686 19
792 3633 920 3687 diaconus
938 3635 1051 3694 inserui,
1070 3633 1212 3702 presbyter
1233 3632 1297 3686 Car.

152 3721 185 3775 20
203 3723 235 3776 21
255 3724 290 3776 22
309 3723 343 3776 27
363 3721 593 3776 archimandi
656 3723 690 3776 20
710 3722 825 3775 domnus
845 3729 896 3776 aut
914 3721 1029 3776 doninus
1053 3723 1079 3776 V
1148 3721 1297 3776 archiman-

153 3809 244 3864 driiV
296 3811 329 3864 21
351 3809 480 3865 diaeonus
498 3813 611 3876 temerari,
631 3812 773 3881 presbyter
788 3811 851 3865 Car.
908 3813 942 3866 23
962 3812 1127 3865 darabsabas
1146 3811 1177 3876 V,
1192 3811 1298 3865 correct

151 3913 233 3953 ersom
251 3899 366 3970 Qrioee
385 3899 545 3955 callentium
601 3901 634 3955 25
653 3901 759 3969 ysacius
783 3900 809 3953 V
