3025 4975
221 471 284 535 724
401 465 546 519 Hormisda
566 465 717 535 Epiphanio
737 464 862 534 episcopo
882 463 1185 534 Constantinopolitano

218 663 377 741 indicasti,
423 664 600 746 legatorum
649 680 774 744 qnoque
815 680 957 725 meomm
1000 661 1172 725 assertione
1215 662 1364 744 cognoui.

220 771 387 834 manifesta
416 770 499 833 enim
527 770 599 834 binc
629 788 783 850 supernae
812 768 1046 833 misericordiae
1076 767 1266 832 documenta
1292 789 1365 849 pro·

220 878 345 954 duntur,
379 877 502 958 quando
537 881 568 940 et
601 877 752 940 mundani
784 875 941 959 principes
975 894 1087 938 causas
1115 875 1189 939 fidei
1218 894 1289 938 cnm
1318 876 1365 939 rei

218 983 363 1067 publicae
406 983 600 1047 ordinatione
642 984 839 1066 coniungunt
876 994 908 1047 et
945 981 1152 1046 ecclesiarum
1188 983 1363 1064 praesules,

220 1091 304 1174 quod
346 1091 384 1153 ad
427 1091 696 1171 dispensationem
739 1109 830 1154 suam
870 1090 1019 1172 pertinet,
1062 1089 1158 1153 osticii
1203 1109 1362 1153 memores
1394 1108 1407 1148 a

220 1202 442 1280 exsequuntur.
467 1197 586 1261 talibus
606 1197 770 1280 indigebat
787 1199 862 1278 post
881 1197 1057 1260 discordiae
1076 1198 1231 1278 procellas
1249 1197 1363 1280 religio

221 1304 399 1370 Christiana
434 1305 621 1380 rectoribus,
661 1304 714 1385 qui
753 1303 944 1386 compressis
981 1303 1114 1385 prouida
1154 1302 1365 1386 dispositione

219 1411 400 1475 turbinibus
430 1411 484 1474 din
512 1411 743 1494 peregrinatam
768 1430 879 1493 pacem
903 1409 1035 1492 depulsa
1057 1412 1247 1492 tempestate
1269 1410 1365 1474 redu-

219 1521 325 1582 cerent
344 1521 376 1582 et
394 1519 424 1581 in
444 1519 552 1582 futura
571 1521 644 1600 post
663 1518 790 1581 saecula
804 1517 958 1599 propositi
973 1517 1023 1580 sui
1039 1519 1181 1599 exempla
1195 1517 1365 1581 tendentes

219 1626 279 1690 sibi
322 1623 563 1688 adscribendum
607 1624 823 1688 indubitanter
864 1623 1075 1696 ostenderent,
1114 1624 1264 1706 quicquid
1302 1623 1364 1688 deo
1385 1644 1409 1680 ιο

175 1729 371 1814 2placitum
404 1731 524 1813 posteri
555 1750 610 1811 pro
644 1751 702 1794 sua
733 1730 911 1794 imitatione
939 1730 1101 1796 fecissent.
1134 1730 1364 1795 benedicamus

219 1839 325 1914 deum,
354 1839 450 1902 frater
477 1837 652 1904 karissime.
683 1836 799 1901 nostris
828 1837 889 1899 boc
913 1836 1024 1900 diebus
1048 1836 1148 1900 fuisse
1173 1856 1364 1902 concessum

117 2013 118 2016 ,
219 1948 250 2008 et
273 1945 350 2008 totis
375 1944 551 2008 orationum
576 1945 608 2006 et
631 1963 777 2006 curarum
801 1944 923 2007 uiribus
944 1944 1130 2021 annitamur,
1150 1948 1187 2008 ut
1206 1964 1285 2025 quae
1305 1964 1366 2027 per

219 2051 270 2114 dei
297 2051 396 2115 nostri
422 2071 512 2132 opem
535 2051 613 2114 bene
639 2053 752 2131 coepta
776 2055 861 2125 sunt,
885 2051 955 2132 ipso
980 2050 1151 2114 adiuuante
1173 2070 1230 2132 per
1253 2053 1365 2117 omnia

219 2157 445 2238 compleantur.
475 2157 663 2239 sperandum
693 2157 775 2220 enim
804 2159 862 2233 est,
886 2161 924 2219 ut
947 2157 985 2220 ad
1010 2176 1195 2240 compagem
1219 2159 1364 2240 corporis
1384 2177 1410 2216 ιε

219 2265 268 2328 sui
292 2265 414 2346 reliqua
438 2283 572 2345 quoque,
598 2283 677 2345 qnae
698 2263 801 2327 adbuc
820 2264 924 2328 diuisa
943 2267 1027 2338 sunt,
1047 2265 1189 2328 membra
1206 2264 1365 2330 festinent

174 2368 250 2432 3et
283 2391 299 2433 a
331 2370 507 2452 potioribus
541 2371 662 2433 minora
695 2389 755 2433 non
789 2370 978 2452 discrepent.
1012 2369 1050 2432 ad
1083 2371 1168 2453 quod
1201 2389 1273 2434 cum
1308 2392 1362 2436 me

215 2476 343 2541 dilectio
373 2479 427 2541 tua
457 2477 653 2542 Christianae
679 2477 785 2542 studio
811 2478 952 2542 caritatis
976 2478 1130 2555 hortetur,
1155 2478 1249 2543 debet
1274 2480 1362 2562 quod

212 2584 326 2647 incitat
363 2584 452 2665 sequi
492 2588 523 2648 et
560 2585 644 2665 quod
677 2586 845 2649 amandum
880 2585 993 2649 suadet
1025 2585 1184 2666 amplecti.
1219 2586 1361 2651 similem

214 2690 297 2753 enim
319 2690 381 2753 ianr
405 2689 479 2754 fidei
504 2709 610 2755 curam
636 2695 781 2775 gerentes
805 2711 861 2773 per
882 2692 1065 2775 religiosam
1088 2692 1274 2773 patientiam
1303 2712 1364 2775 par
1382 2712 1409 2750 ²⁰

213 2796 309 2859 etiam
333 2796 506 2879 praemium
531 2796 569 2861 de
593 2798 665 2861 boni
691 2797 794 2880 operis
820 2817 984 2879 speramus
1004 2798 1128 2862 ellectu.
1149 2817 1251 2879 neque
1272 2800 1362 2863 enim

212 2902 455 2967 difficultatibus
485 2906 535 2967 est
563 2904 754 2980 cedendunr;
784 2923 844 2968 non
872 2904 1027 2988 fatigatur
1051 2904 1171 2987 asperis
1194 2904 1273 2969 fides
1300 2926 1360 2970 nec

213 3008 252 3073 ad
281 3010 439 3073 caelorum
468 3011 565 3074 ardua
592 3030 648 3094 per
674 3012 817 3093 procliue
847 3011 1048 3075 contenditur
1070 3030 1126 3075 nec
1150 3013 1362 3077 remunerati-

244 3724 260 3775 2
278 3738 316 3789 sq.
330 3721 473 3775 manifeste
489 3721 671 3790 (nranilestnm
682 3722 702 3785 ijr
717 3722 781 3775 hinc
796 3721 866 3774 enim
878 3738 937 3791 sup.
952 3722 1066 3775 miseric.
1082 3721 1244 3775 documento
1260 3722 1362 3789 (docu-

207 3812 367 3878 mentumit
387 3811 547 3880 perdocetur
567 3809 674 3879 quando
694 3811 776 3878 Hisp.
832 3811 976 3864 3causa1n
996 3812 1080 3864 Gerra.
1136 3811 1314 3879 bprertinent
1336 3813 1365 3865 V

210 3901 243 3952 12
263 3898 339 3952 deum
355 3899 390 3951 V:
411 3899 546 3952 dominum
559 3899 640 3967 Hiep.
681 3900 713 3952 13
728 3916 766 3966 sq.
782 3916 829 3968 per
845 3899 888 3951 dei
902 3901 989 3951 nostri
1004 3916 1082 3968 opem
1097 3899 1132 3952 V:
1148 3898 1192 3952 dei
1205 3916 1256 3969 ope
1271 3900 1360 3969 Hisp.

209 3990 242 4041 16
262 3988 348 4041 diuisa
367 3988 461 4056 Hispa
483 3990 600 4049 diuitV
682 3991 714 4041 18
734 3988 859 4042 hortatur
877 3989 959 4057 Hispa
1051 3988 1123 4058 quod
1140 3989 1244 4042 inuitat
1261 3989 1361 4058 Hispa,

210 4094 261 4147 quo
282 4079 381 4130 inuitat
404 4078 484 4131 Tio-iet
539 4080 571 4131 19
592 4078 663 4148 quod
682 4078 779 4145 Hisp:
798 4094 849 4131 om.
874 4077 899 4128 V
974 4077 1112 4131 simileV
1164 4078 1198 4131 20
1215 4094 1255 4146 sq.
1275 4088 1362 4147 paret

208 4183 261 4235 taur
287 4167 312 4218 V
359 4169 392 4221 21
413 4167 510 4220 ellectu
534 4168 560 4221 V
607 4170 640 4222 22
660 4184 714 4221 non
734 4168 805 4219 enim
824 4166 958 4235 fatigatur
976 4167 1057 4234 Hisp.
1108 4169 1142 4221 23
1162 4167 1363 4221 conscenditur

211 4254 296 4309 Gona.
