3025 4975
234 456 298 519 556
558 452 705 507 Hormisde
722 452 847 507 Ennodio
868 456 896 507 et
913 451 1059 521 Peregrino

232 648 383 726 membra,
416 647 605 729 perstiteris,
638 648 674 711 tu
707 664 834 728 quoqne
867 664 940 710 oum
972 645 1034 723 his,
1074 663 1155 749 quos
1192 642 1381 709 nominatim

234 754 422 819 condemnat
454 754 611 819 catholica
643 752 811 832 sententia,
844 752 1014 834 copuleris.
1081 751 1165 817 Data
1195 749 1297 833 pridie
1332 750 1381 815 Id.

233 860 334 942 April.
357 860 495 945 agapito
521 879 607 927 cons.

751 1052 861 1137 (134.)

279 1197 435 1243 somrsna
470 1197 606 1243 asnonio
645 1198 684 1242 su
721 1195 897 1242 samsurico
929 1196 1100 1241 nrrscsrrs.
1167 1176 1383 1258 Posteaquam
1413 1201 1427 1240 a

233 1284 375 1367 profecta
402 1287 452 1349 est
474 1285 588 1349 caritas
611 1286 729 1363 uestra,
753 1283 999 1367 Nicopolitanus
1022 1283 1186 1361 diaconus,
1211 1282 1265 1366 qui
1287 1282 1382 1347 uobis

234 1389 330 1453 etiam
354 1389 492 1454 occurrit
513 1388 546 1453 in
569 1390 690 1467 itinere,
714 1390 849 1455 Romam
872 1389 972 1457 uenit.
997 1408 1091 1472 quem
1114 1391 1383 1471 praetermorem

233 1496 374 1560 uidimus
408 1496 597 1581 cogitantes,
630 1516 668 1560 ne
701 1496 782 1562 forte
815 1499 911 1576 esset,
944 1496 1032 1579 quod
1064 1496 1102 1561 ad
1139 1496 1384 1561 instructionem

233 1602 401 1667 mandatae
425 1602 517 1668 uobis
540 1602 710 1687 legationis
734 1602 857 1668 adicere
876 1603 1074 1684 deberemus.
1094 1602 1179 1684 quod
1198 1606 1231 1666 et
1247 1601 1384 1667 ratione·
1506 1675 1507 1698 χ

191 1706 210 1768 2
234 1707 341 1772 biliter
362 1708 483 1773 factum
506 1709 578 1793 ipsa
600 1729 650 1775 res
675 1710 839 1775 euidenter
861 1710 1009 1775 ostendit.
1032 1710 1152 1792 optulit
1181 1708 1265 1773 enim
1290 1708 1383 1773 nobis
1402 1736 1429 1776 ιο
1506 1713 1507 1784 l

236 1814 405 1895 epistolam
433 1816 581 1881 Iohannis
610 1816 753 1899 episcopi
782 1818 833 1881 sui
861 1818 894 1881 et
921 1816 1016 1881 aliam
1043 1816 1159 1900 synodi
1187 1814 1384 1881 subiacentis
1506 1803 1507 1836 ³

236 1920 387 1985 ecclesiae
415 1922 668 2005 Nicopolitanae,
693 1942 756 2005 qua
780 1926 957 2005 queruntur
979 1923 1018 1987 ab
1042 1922 1193 2004 episcopo
1216 1920 1384 1985 Thessalo-

234 2027 354 2091 nicensi
379 2029 528 2093 excitatas
548 2030 719 2095 aduersum
739 2049 774 2094 se
792 2033 859 2094 tam
876 2030 1066 2112 principales
1086 2048 1182 2111 quam
1200 2026 1383 2091 iudiciarias

234 2135 421 2215 potestates,
451 2135 715 2199 concussionibus
743 2138 776 2200 et
798 2135 973 2217 dispendiis
998 2154 1032 2199 se
1055 2135 1261 2199 uehementer
1283 2133 1385 2216 affligi
1506 2201 1507 2204 ,

234 2242 362 2323 propter
383 2239 455 2317 hoc,
479 2240 553 2321 quia
576 2240 615 2305 de
639 2240 835 2306 ordinatione
858 2260 918 2304 sua
935 2240 975 2303 ad
994 2240 1181 2323 episcopum
1198 2238 1384 2304 relationem
1403 2266 1429 2305 1⁵

236 2346 410 2410 secundum
438 2344 543 2428 prisca
571 2347 713 2429 exempla
741 2367 803 2413 non
830 2346 963 2412 miserit.
992 2366 1048 2428 pro
1074 2365 1137 2429 qua
1160 2364 1256 2411 cansa
1279 2365 1383 2428 spera·

235 2454 360 2530 uerunt,
389 2456 427 2518 ut
450 2452 488 2518 de
511 2453 648 2520 remedio
675 2453 814 2538 cogitare
839 2453 1036 2529 deberemus,
1061 2453 1263 2519 consulentes
1287 2453 1384 2520 etiam

235 2579 304 2638 nos,
333 2563 440 2625 utrum
469 2561 615 2626 daremus
644 2561 690 2625 eis
717 2560 880 2625 licentiam
908 2560 1092 2626 relationem
1121 2561 1162 2625 ad
1183 2560 1386 2644 designatum

193 2667 212 2729 3
237 2667 421 2749 episcopum
450 2666 624 2731 secundum
653 2665 917 2731 consuetudinem
946 2666 1135 2732 destinandi.
1164 2666 1248 2731 unde
1272 2669 1387 2732 tracta-

236 2772 343 2837 uimus
371 2775 405 2837 et
432 2773 615 2856 episcopum
645 2773 774 2855 quidem
800 2773 1057 2856 Nicopolitanum
1088 2772 1324 2851 admonuimus,
1348 2793 1387 2838 ne
1406 2804 1433 2842 ιο
1506 2824 1507 2861 ,

237 2879 301 2943 tale
338 2879 458 2963 aliquid
495 2879 609 2944 audere
646 2882 828 2962 temptaret,
867 2879 895 2944 si
927 2879 1096 2944 nobiscum
1128 2879 1210 2944 uelit
1240 2879 1273 2943 in
1302 2898 1388 2943 com·
1506 2896 1507 2899 ’

238 2985 386 3050 munione
408 2987 589 3067 persistere,
614 3005 653 3051 ne
676 3006 733 3068 per
755 2986 859 3064 illum,
880 2986 908 3051 si
928 2987 966 3051 ab
986 3006 1033 3062 eo,
1053 2987 1108 3068 qui
1128 3005 1147 3050 a
1165 2985 1388 3051 communione
1506 3012 1507 3077 3

238 3094 345 3156 nostra
377 3092 498 3157 alienus
531 3095 590 3171 est,
624 3092 894 3158 confirmationem
929 3093 1075 3175 petisset,
1114 3095 1223 3158 nostra
1260 3111 1390 3174 qnoque

193 3201 214 3264 4
238 3199 418 3264 communio
442 3199 626 3282 contagium
647 3199 828 3264 sustineret.
883 3200 961 3264 haec
981 3219 1049 3276 nos,
1069 3201 1107 3262 ut
1126 3199 1231 3262 omnia
1249 3198 1389 3276 sciretis,

239 3302 457 3368 instruximus.
492 3305 568 3388 quid
601 3309 708 3370 autem
740 3305 876 3387 propitio
910 3305 968 3370 deo
1000 3305 1094 3370 uobis
1127 3305 1166 3369 de
1198 3305 1257 3369 hac
1290 3323 1390 3370 eausa
1405 3337 1434 3377 ss

241 3411 397 3494 agendum
436 3411 489 3490 sit,
525 3412 670 3476 subiecta
706 3411 876 3478 declarant.
944 3411 1028 3475 Date
1063 3411 1166 3494 pridie
1202 3411 1249 3476 Id.
1286 3411 1388 3494 April
1506 3494 1507 3497 Ἴ

238 3517 375 3602 Agapito
399 3536 484 3582 cons.

278 3709 430 3762 lmembra
456 3707 482 3760 V
532 3709 616 3778 3apl
639 3708 665 3761 V

279 3796 342 3850 isa.
379 3797 448 3850 nac.
470 3797 564 3862 (statar
583 3813 643 3850 mm
657 3813 714 3865 epp.
729 3801 794 3862 127,
810 3801 875 3863 133,
889 3801 958 3864 135)
974 3815 1001 3852 a.
1019 3801 1073 3852 517
1092 3797 1136 3851 cie
1154 3799 1190 3849 12
1202 3797 1271 3864 Apr.
1312 3795 1389 3851 naa.
1506 3784 1507 3789 ’

245 3883 308 3938 Gar.
327 3883 359 3937 1²
374 3887 447 3952 467;
465 3887 535 3939 Bar.
552 3885 590 3939 ad
605 3903 630 3938 a.
649 3888 711 3948 517,
732 3889 787 3953 34,-
808 3885 916 3940 Collcct.
939 3885 1057 3953 Concil.,·
1074 3885 1156 3939 BTA
1175 3885 1197 3938 Ι
1214 3888 1286 3951 403,·
1309 3884 1391 3939 Thia

243 3977 311 4026 807.
368 3974 401 4026 13
420 3973 561 4026 iudiciaria
584 3973 616 4038 V,
636 3991 703 4028 corr.
724 3973 751 4026 οἳ
805 3976 840 4028 25
860 3973 924 4043 quid
943 3991 970 4043 p:
991 3975 1038 4044 qui
1061 3975 1087 4026 V
1147 3973 1214 4028 deus
1237 3973 1268 4038 V,
1288 3989 1390 4042 comp

241 4062 292 4116 hac
310 4077 343 4116 ea
361 4061 410 4115 hec
430 4077 498 4116 corr.
523 4061 549 4114 V
601 4063 635 4116 26
656 4063 715 4132 apli
737 4063 764 4116 V
