3025 4975
489 487 575 558 epse.
596 486 793 542 ccxxnxrrrr
811 487 925 540 ea-eo.
1227 488 1289 553 771

145 687 218 748 snut
252 684 410 748 elementa
440 683 629 760 litterarum,
665 681 782 764 quibus
815 681 954 745 Hebraei
984 684 1127 760 utuntur,
1155 681 1294 764 librique

146 809 252 856 eornm
281 809 343 854 ron
373 795 450 855 sont
473 789 585 870 scripti
608 789 696 852 iuxta
719 790 861 852 ueterem
884 789 1030 866 formam,
1055 808 1135 870 quae
1157 790 1236 852 tunc
1258 788 1292 852 in

145 897 262 962 tabulis
296 895 431 980 lapideis
466 899 592 961 constat
624 895 794 978 insculpta.
824 896 903 959 haec
931 895 1030 978 igitur
1056 895 1168 973 forma,
1197 915 1293 978 quam

6 1081 7 1092 2
145 1023 225 1068 nunc
259 1007 369 1068 tenent
399 1001 520 1078 Iudaei,
554 1005 689 1066 uocatur·
731 1001 962 1066 somahirenus.
996 1001 1185 1066 Samaritani
1217 1021 1293 1066 nero

118 1112 273 1174 eseruant
321 1110 504 1188 decessum,
543 1127 623 1192 quae
660 1109 762 1172 forma
793 1108 856 1172 init
888 1108 975 1186 olim,
1008 1112 1046 1173 nt
1078 1108 1228 1186 diximus
1259 1109 1291 1173 in

6 1223 7 1238 ¹
146 1217 263 1282 tabulis
296 1216 451 1298 impressa
481 1215 626 1298 lapideis.
660 1217 693 1280 at
724 1215 850 1279 Hesdra
877 1215 1050 1279 ascendens
1081 1233 1099 1278 a
1126 1215 1289 1298 Babylone
1301 1213 1343 1276 96

146 1325 318 1405 nolensque
351 1321 527 1386 discernere
559 1319 680 1386 Israhel
713 1341 731 1385 a
762 1320 893 1402 reliquis
926 1321 1086 1406 gentibue,
1119 1324 1157 1386 ut
1188 1341 1290 1406 genus

146 1429 287 1493 Abrahae
324 1445 385 1494 non
424 1428 586 1493 uideretur
623 1446 693 1492 esse
725 1426 917 1510 permixtum
950 1447 1022 1492 curn
1053 1428 1292 1493 habitatoribus

146 1539 254 1614 terrae,
290 1535 344 1617 qui
376 1538 487 1599 tenent
519 1534 648 1618 quidem
676 1535 795 1619 legem,
823 1553 885 1600 non
914 1538 1021 1599 tamen
1050 1538 1082 1599 ot
1108 1536 1291 1617 prophetae,

109 1657 130 1695 ¹⁰
147 1642 331 1706 immutuuit
358 1641 524 1723 pristinam
562 1640 696 1706 formam
729 1641 912 1724 relinquens
946 1642 1130 1720 deessenon,
1162 1645 1293 1724 propter

149 1749 230 1831 qnod
254 1767 291 1813 ea
313 1748 416 1814 forma
439 1767 457 1812 a
481 1747 688 1814 samaritanis
712 1752 945 1832 praeoccupate
966 1749 1030 1814 iem
1049 1750 1162 1827 fuerat,
1181 1752 1220 1813 ut
1236 1767 1293 1830 per

147 1857 203 1920 boo
231 1854 379 1919 Abrahae
407 1873 513 1920 semen
543 1853 795 1940 distingueretur
822 1855 1046 1920 arationibus
1068 1854 1211 1937 reliquis.
1235 1854 1292 1918 sed

148 1981 201 2026 nos
234 1961 285 2025 his
318 1961 539 2044 perueniantes
572 1961 604 2026 in
636 1961 717 2026 locis
751 1961 854 2027 coacti
882 1981 994 2026 sumus
1023 1962 1063 2026 ob
1092 1961 1291 2027 secesionem

149 2085 258 2131 causae
283 2068 378 2132 huius
403 2068 554 2150 ampliare
579 2087 767 2134 sermonem.

111 2189 132 2227 ¹⁵
190 2173 288 2238 Erant
309 2173 428 2256 itaque,
453 2175 507 2257 qui
531 2179 772 2256 permanserunt
794 2195 831 2240 er
854 2175 1003 2259 gentibus
1028 2175 1061 2239 in
1079 2176 1163 2240 terra
1181 2171 1343 2252 Israel‚97

148 2299 200 2361 pro
230 2279 367 2344 diuersis
395 2280 490 2344 robus
515 2280 705 2346 Samaritani
728 2281 853 2346 uocati:
877 2281 1016 2364 primum
1040 2299 1058 2345 a
1082 2281 1202 2360 Somer,
1225 2301 1289 2347 uno

148 2405 181 2449 ex
203 2385 278 2452 filiis
304 2385 561 2452 chananaeorum
585 2391 618 2451 et
639 2387 898 2465 Pherezaeorum,
921 2387 1107 2470 priusquam
1129 2387 1290 2453 Abraham

147 2494 321 2574 patriarcha
345 2494 384 2559 ad
408 2495 539 2559 eandem
562 2499 679 2560 terram
705 2495 883 2560 diuinitatis
908 2496 1081 2575 adueniret,
1102 2499 1134 2561 et
1152 2496 1290 2580 appella-

147 2599 236 2665 batur
260 2600 372 2667 Somer
394 2604 426 2665 et
449 2601 601 2667 Somoron
620 2606 685 2667 tam
705 2620 797 2667 mons
822 2622 916 2684 quam
936 2603 1051 2682 omnia,
1072 2622 1152 2685 quae
1170 2602 1289 2668 montis

111 2722 132 2761 2⁰
148 2706 250 2771 uicina
262 2726 332 2771 esse
346 2707 546 2772 uidebantur.
563 2728 673 2773 rursus
688 2709 848 2792 praefatae
863 2721 940 2794 gen<
947 2714 979 2774 te
987 2721 1022 2784 >s
1038 2710 1076 2775 ab
1087 2711 1290 2794 Assyriorum

147 2830 216 2896 rege
252 2813 458 2878 transmissae
495 2817 627 2879 uocatae
665 2817 740 2879 sunt
782 2813 982 2893 Samaritani,
1025 2816 1079 2897 qui
1120 2814 1290 2879 ‘custodes‘

146 2916 399 3001 interpretantur.
424 2920 519 2984 habet
542 2925 648 2985 antem
672 2924 704 2985 et
719 2920 814 2985 aliern
833 2922 1133 3005 contemplationem
1152 2913 1342 2986 nominio98

146 3022 239 3091 huius
271 3026 415 3105 intentio,
448 3030 577 3111 propter
608 3027 787 3093 custodiam
819 3028 973 3093 uidelicet
1007 3029 1102 3113 legis,
1141 3028 1289 3111 quoniam

148 3132 198 3211 qui
216 3132 344 3197 inmissi
360 3134 495 3211 fuerant,
519 3134 600 3218 legis
625 3135 820 3217 putabantur
843 3136 1004 3200 custodire
1027 3135 1186 3201 mandata.
1211 3134 1290 3198 dicit

108 3254 132 3294 a
150 3238 226 3301 enim
255 3240 412 3323 scriptura
439 3239 478 3304 de
506 3240 597 3321 ipsis,
630 3241 781 3324 quoniam
813 3245 1051 3305 manserunt
1078 3222 1288 3307 ¹iacientes

149 3342 273 3429 legem
302 3344 367 3409 dei
396 3348 435 3410 et
463 3346 681 3412 adorantes
709 3347 820 3411 idola
843 3348 1016 3430 propria.
1042 3366 1115 3413 oum
1139 3367 1214 3411 nero
1238 3346 1288 3411 ier

149 3448 228 3515 idola
257 3452 440 3517 nullatenus
474 3450 631 3517 adoranda
661 3454 845 3536 praecipiat,
883 3454 1040 3536 quomodo
1078 3455 1127 3519 lex
1165 3455 1203 3519 ab
1240 3454 1287 3518 eis

149 3559 267 3635 poterat
307 3558 484 3623 custodiri?
527 3562 744 3624 uerumtamen
786 3560 853 3625 ista
893 3580 988 3625 cansa
1029 3559 1102 3625 binc
1147 3561 1288 3625 insinuat
1298 3558 1341 3621 99

148 3662 377 3749 intellegentiae
400 3664 542 3731 modum.
567 3666 705 3731 scientes
729 3667 943 3749 profanissimi
968 3667 1147 3733 sacerdotes
1170 3687 1287 3732 memo-

6 3824 7 3855 ἶ
107 3787 131 3826 ao
147 3774 280 3834 ratarum
318 3774 470 3853 quattuor
506 3772 660 3856 gentium,
694 3773 779 3856 quod
811 3773 951 3838 Hesdras
985 3774 1133 3839 sacerdos
1165 3777 1286 3841 missus

232 4068 264 4122 es
282 4068 369 4137 sega.
387 4066 426 4121 rr
447 4068 487 4133 rr,
502 4068 535 4123 41

182 4216 199 4268 2
216 4222 331 4273 ueterem
350 4236 384 4274 ex
400 4223 525 4273 ueterum
543 4218 570 4273 V
583 4236 658 4273 man.
673 4224 688 4271 1
701 4222 740 4305 “4
755 4221 952 4291 somahirenus}
972 4222 1110 4289 ‘fortassis
1127 4226 1159 4277 io
1179 4223 1285 4278 Graeco

146 4308 221 4359 textu
236 4314 294 4363 erut
312 4308 460 4379 cppspso'q'
479 4308 565 4378 Fopp.
648 4311 683 4365 20
702 4328 733 4379 gs
759 4310 790 4374 V,
809 4326 879 4364 corr.
899 4331 916 4363 α
997 4314 1032 4365 24
1049 4312 1154 4365 inmissi
1173 4314 1286 4381 scripsi:

145 4393 246 4447 niuuesi
268 4396 299 4462 V,
318 4397 394 4450 missi
413 4395 501 4467 Fopp.
556 4398 591 4452 30
610 4396 682 4468 qnod
707 4398 740 4452 V:
762 4415 822 4453 cnm
841 4400 927 4468 Fopp.
