3025 4975
548 470 635 540 Epist.
656 469 773 524 ccxxv
795 469 887 558 1-83
1219 473 1284 538 689

146 663 230 730 nobis
260 665 299 730 ab
329 665 531 746 apocrisiario
560 665 714 730 Dorothei
743 665 860 730 ‘iubete
889 665 1035 750 dirigere,
1070 665 1124 748 qui
1156 665 1284 731 libellos

147 772 316 854 suscipiat'.
351 772 560 837 deliberatum
594 774 654 850 est,
688 771 774 836 sicut
809 772 1032 854 praediximus,
1070 773 1285 838 uenerabilem

145 879 312 944 Iohannem
346 879 531 962 episcopum
564 879 726 944 ambulare
760 883 801 955 et,
834 883 872 944 ut
901 880 1033 945 baberet
1063 880 1285 945 testimonium

145 986 384 1069 subscriptionis
407 985 546 1064 illomm‚
569 987 754 1070 rogauimus
779 987 962 1069 piissimum
985 987 1219 1069 imperatorem,
1247 989 1285 1050 ut

120 1097 174 1156 set
191 1112 298 1158 comes
321 1093 464 1158 Licinius
489 1093 666 1158 ambularet
690 1113 763 1158 cum
788 1114 835 1159 co.
860 1093 943 1176 quod
968 1095 1143 1159 etinctum
1168 1097 1228 1158 est.
1253 1091 1329 1158 et5

146 1201 214 1282 quia
245 1202 459 1283 peruenemnt
491 1199 522 1264 in
556 1201 731 1278 ciuitatem,
764 1202 909 1265 nuntiata
941 1205 992 1265 est
1027 1201 1187 1266 Dorotbeo
1226 1219 1284 1283 por

145 1306 289 1371 comitem
311 1305 470 1370 Licinium
493 1305 672 1388 praesentia
695 1309 884 1371 nostrorum.
905 1307 960 1388 qui
979 1306 1093 1371 direxit
1109 1305 1284 1371 Aristidem

144 1414 359 1496 presbyterum
389 1431 462 1476 cunr
490 1411 561 1476 aliis
591 1413 716 1477 duobus
745 1413 915 1495 episcopis,
945 1432 1025 1494 quos
1049 1415 1138 1478 solus
1162 1414 1285 1480 sciebat

146 1519 339 1584 aduersarios
377 1538 446 1584 csse
483 1519 613 1603 negotii,
652 1523 688 1584 ut
724 1523 851 1584 nostros
888 1521 1021 1586 uideret.
1060 1540 1133 1586 cnm
1166 1519 1283 1603 quibus

110 1644 129 1682 ιο
144 1627 310 1692 uoluerunt
328 1627 430 1691 facere
449 1627 482 1690 in
499 1627 610 1710 primis
635 1627 808 1691 certamina
831 1628 869 1691 da
892 1627 1010 1691 libellis
1035 1627 1176 1692 dicentes
1199 1629 1285 1692 ‘sunt

144 1733 289 1814 capitula,
315 1753 395 1816 quae
420 1733 555 1798 debeant
577 1732 757 1797 emendari’.
784 1733 930 1797 diremnt
953 1735 1053 1797 nostri
1076 1753 1139 1798 non
1163 1753 1233 1799 esse
1252 1735 1283 1798 in

144 1843 297 1920 potestate
328 1839 468 1922 ipsorum
498 1841 556 1905 boc
585 1841 704 1904 facere:
734 1841 772 1904 ‘si
800 1840 901 1904 uultis
924 1841 1038 1917 facere,
1064 1841 1123 1904 deo
1147 1840 1282 1923 gratias3

144 1946 168 2010 si
181 1967 241 2011 non
257 1946 360 2010 uultis
376 1946 488 2022 facere,
503 1945 661 2022 uenimus,
682 1947 895 2011 salutauimus
915 1965 985 2023 uos,
1005 1946 1282 2030 perambulamus’.

144 2053 355 2118 discesserunt
381 2057 455 2134 post
482 2054 545 2117 ista
574 2053 680 2117 uerba.
751 2053 791 2118 ad
823 2053 917 2117 aliern
951 2053 1035 2118 diem
1068 2053 1327 2119 conueneruntb

108 2176 127 2214 1⁵
143 2159 255 2224 iterum
283 2161 349 2224 ista
374 2159 540 2241 loquentes
570 2161 612 2236 et,
642 2162 811 2243 antequam
839 2159 1089 2243 propositionem
1113 2160 1283 2226 uerbomm

143 2265 299 2344 iecissent,
331 2266 386 2331 ubi
414 2285 474 2330 non
504 2270 554 2330 est
580 2267 715 2331 intentio
745 2271 903 2350 generata,
933 2288 992 2332 non
1026 2268 1141 2332 iniuria
1174 2269 1284 2331 secuta

143 2377 197 2448 est,
222 2373 330 2438 subito
353 2375 492 2456 populus
515 2373 646 2438 insanus
666 2373 759 2436 irruit
778 2393 874 2455 super
891 2374 999 2456 ipsum
1018 2378 1049 2439 et
1068 2375 1148 2439 duos
1167 2392 1282 2456 pueros

143 2480 322 2546 occidamnt
346 2479 497 2564 episcopi,
522 2481 618 2563 caput
642 2479 737 2544 etiam
757 2480 920 2565 fregerunt
938 2481 1087 2564 episcopo
1106 2482 1138 2545 in
1159 2479 1283 2546 duabus

142 2588 282 2668 partibus
311 2592 344 2651 et
370 2606 461 2651 renes
486 2586 555 2652 cius
581 2586 818 2670 dissipsuemnt
842 2594 882 2665 et,
908 2590 969 2652 nisi
993 2587 1210 2653 misericordia
1233 2588 1284 2651 dei

105 2696 171 2755 aab
203 2694 343 2759 defensio
378 2694 479 2757 sancti
511 2694 611 2757 Marci
643 2694 794 2758 basilicae
823 2696 959 2759 emisset
987 2715 1041 2760 eos
1070 2696 1108 2759 dc
1136 2694 1283 2758 manibus

143 2818 258 2875 eorum,
286 2800 331 2864 ibi
359 2801 526 2883 perierant.
554 2800 682 2865 liberati
712 2805 786 2864 sunt
813 2806 929 2878 tamen,
964 2802 1122 2885 quomodo
1155 2801 1283 2879 dicitur,

142 2907 213 2987 quia
240 2926 352 2971 manus
381 2906 510 2991 publica
538 2911 733 2990 superuenit,
763 2928 843 2991 quae
872 2929 926 2973 eos
951 2928 1058 2973 eruere
1081 2909 1198 2990 potuit.
1220 2910 1284 2973 ista
1308 2908 1326 2971 7

142 3016 173 3075 st
202 3014 337 3077 istorum
371 3014 631 3078 concinnamenta
664 3016 818 3081 Dorothei
849 3017 972 3081 matitia
1009 3015 1191 3090 fabricauit,
1230 3015 1284 3097 qui

142 3124 210 3184 ante
237 3121 371 3183 biduum
405 3139 499 3202 quam
531 3122 733 3203 peruenirent
766 3124 866 3187 nostri
898 3123 1157 3188 Thessalonicam
1190 3142 1285 3203 super

102 3242 124 3281 2⁵
141 3224 201 3289 duo
228 3226 319 3289 milia
344 3226 531 3308 baptizarit,
561 3232 757 3293 sacramenta
789 3234 877 3294 tanta
909 3231 1053 3313 erogauit
1085 3230 1118 3292 in
1150 3229 1282 3310 populo,

141 3351 219 3413 quae
242 3334 368 3415 possint
389 3335 469 3415 ipsis
494 3335 533 3398 ad
551 3340 695 3418 tempora
714 3335 870 3415 sufficere,
891 3336 1073 3420 significans
1092 3335 1188 3417 plebi,
1210 3336 1284 3416 qnia

140 3438 216 3503 tides
248 3443 335 3504 recta
369 3443 519 3505 mutatur.
553 3442 617 3506 ista
650 3443 808 3523 quomodo
841 3462 902 3507 non
935 3444 1110 3507 habuerant
1148 3442 1283 3506 excitare

140 3548 315 3628 populum?
339 3547 403 3610 ista
428 3567 519 3628 quem
545 3568 605 3613 non
630 3548 811 3611 inuitabant
833 3548 872 3612 ad
895 3550 1107 3614 seditionem?
1131 3548 1283 3631 posthoc
1307 3549 1327 3611 8

140 3654 171 3715 et
194 3652 299 3733 ipsum
324 3654 480 3729 libellum,
507 3672 598 3736 quem
620 3654 739 3719 fecerat
759 3675 831 3719 cum
851 3655 1019 3739 episcopis,
1040 3659 1110 3720 ante
1129 3655 1283 3738 populum

101 3758 236 3822 asciuit
264 3760 373 3824 dicens
402 3762 471 3845 ‘ego
499 3760 587 3825 istud
616 3780 717 3842 usque
747 3761 786 3825 ad
812 3766 946 3826 mortem
974 3782 1077 3827 meam
1110 3781 1283 3844 numquam

172 4123 388 4179 2deliberatum
412 4126 448 4179 V:
467 4124 655 4181 denuntiatum
676 4146 693 4177 α
756 4127 857 4196 bquia
873 4128 985 4180 notione
1003 4127 1148 4195 temporali
1215 4144 1282 4180 nun-

137 4212 236 4266 tiatum
258 4257 264 4269 .
287 4256 293 4267 .
316 4216 470 4284 praesentia
502 4214 533 4275 V,
563 4232 631 4271 corr.
657 4216 746 4269 rotor:
777 4217 932 4269 nuntiatum
952 4216 1176 4283 ..praesentiam
1207 4216 1282 4278 Car„

137 4302 292 4355 nuntiatum
312 4345 316 4355 .
334 4344 340 4357 .
360 4304 540 4373 praesentiam
554 4304 677 4359 (adesse)
691 4305 761 4358 Bar.
852 4304 869 4358 8
892 4304 962 4357 solos
987 4304 1057 4360 Bar.
1150 4305 1185 4358 24
1207 4304 1282 4358 tbes·

137 4390 258 4443 salonica
281 4390 311 4456 V,
332 4407 399 4445 corr.
414 4390 441 4442 ο2
495 4394 529 4447 30
548 4392 648 4446 scindit
672 4394 701 4457 V,
722 4409 790 4447 corr.
810 4394 880 4447 Bar.

1177 4499 1228 4552 44*
