3025 4975
520 440 903 513 mecummet-14.
1060 444 1067 459 ·
1213 440 1276 506 597

131 639 328 722 temporibus
361 640 411 703 ost
443 638 572 703 dilatus.
618 637 794 702 uidendum
831 636 923 701 uobis
961 638 1021 714 est,
1056 636 1087 701 in
1123 638 1277 718 quantum

133 745 260 811 cottidie
290 746 414 830 antiqui
440 744 543 810 hostis
572 746 731 811 desuescat
757 744 890 821 insania,
920 762 992 807 cum
1017 742 1092 809 olim
1117 760 1212 807 causa
1235 742 1278 807 sit

133 852 236 917 decisa
259 852 322 917 fine
342 852 527 930 sententiae,
546 852 617 935 paci
636 852 732 916 faciat
745 850 933 939 tarditatem
953 854 994 927 et,
1014 868 1087 915 cum
1107 848 1277 915 Chalcedo-

133 960 235 1024 nensis
270 959 411 1043 synodus
446 962 478 1024 et
508 958 595 1023 beati
626 976 727 1041 papae
759 958 874 1023 Leonis
912 957 1086 1022 constituta
1121 956 1276 1039 placeant,

111 1080 189 1149 equo
216 1066 256 1130 ad
282 1066 445 1131 caritatem
468 1066 586 1131 reuerti
608 1066 771 1144 uolumus,
801 1086 819 1131 a
847 1064 1016 1130 certamine
1044 1083 1104 1129 non
1132 1063 1276 1129 desistat.

134 1176 318 1255 sequuntur,
348 1192 428 1255 quae
457 1172 661 1257 dogmatibus
689 1171 859 1255 praedictis
887 1171 1038 1236 adstricta
1066 1174 1151 1248 sunt,
1179 1174 1212 1235 et
1238 1170 1276 1236 ab
1290 1174 1330 1239 10

135 1299 238 1345 eorum
268 1280 471 1362 sequacibus,
496 1300 577 1363 quos
600 1280 762 1363 praedicta
786 1278 974 1345 auctoritate
999 1278 1163 1344 damnatos
1187 1278 1278 1342 intel·

134 1384 251 1469 legunt,
284 1403 346 1449 non
378 1384 539 1449 recedunt.
577 1387 686 1449 tenent
717 1384 822 1449 adhuc
853 1384 886 1448 in
916 1383 1132 1467 complexibus
1164 1401 1277 1448 nomen

136 1491 246 1565 loacii,
274 1509 369 1573 quem
391 1490 503 1555 uident
526 1490 644 1556 iudicio
669 1488 754 1555 sedis
783 1490 976 1572 apostolicae
1004 1490 1116 1555 merito
1144 1508 1278 1572 poenam

105 1617 123 1657 ro
137 1597 255 1661 subisse
277 1596 428 1663 damnati.
457 1598 528 1679 quis
553 1616 613 1663 non
637 1598 805 1681 intellegat
829 1596 976 1662 simulate
1000 1596 1062 1662 dici
1085 1598 1326 1665 ‘sanctorumll

136 1707 256 1786 patrum
286 1702 452 1785 sequimur
480 1704 631 1787 dogmata
658 1704 804 1769 sednon
832 1703 996 1787 diligimus
1023 1703 1123 1780 facta3
1153 1722 1233 1787 quae
1259 1722 1277 1767 a

138 1815 239 1875 sancta
271 1810 390 1891 synodo
425 1810 675 1877 chalcedonensi
708 1810 882 1876 constituta
916 1812 993 1877 sunt
1019 1814 1052 1875 et
1079 1829 1158 1893 quae
1190 1809 1277 1875 beati

137 1916 243 1984 leonis
267 1917 406 2001 epistola
428 1916 579 1995 continet,
603 1916 750 1983 fouemus
774 1924 1013 1991 ne<nc>ramnr
1044 1916 1276 1999 amplectimur,

138 2024 186 2088 sed
206 2026 335 2102 Acacio,
365 2024 420 2107 qui
448 2023 666 2089 damnatorum
697 2023 953 2089 communionem
981 2026 1111 2089 secutus
1135 2026 1194 2101 est,
1218 2024 1276 2087 im-

107 2131 297 2213 spondimus
318 2131 427 2197 uota’?
475 2130 532 2195 sed
550 2130 626 2215 quid
651 2149 730 2215 opus
755 2135 806 2195 cst
829 2130 866 2195 de
890 2130 1039 2195 iudicatis
1062 2130 1156 2195 rebus
1179 2130 1328 2197 uerbera

139 2236 241 2315 facere,
262 2257 336 2303 cum
360 2256 419 2302 nos
442 2237 560 2303 hortari
583 2237 804 2303 tantummodo
825 2237 944 2313 deceat,
964 2240 1001 2302 ut
1020 2256 1165 2321 expressa
1183 2256 1275 2318 supe-

139 2344 196 2409 rius
219 2343 422 2409 simulatione
446 2347 608 2410 summota
632 2344 691 2409 sub
716 2344 802 2409 omni
830 2345 967 2427 puritate
994 2363 1105 2426 paoem
1129 2344 1274 2423 debeant,

140 2451 289 2534 aquibus
318 2450 397 2516 baec
426 2449 584 2530 dicuntur,
614 2450 748 2533 optare?
786 2449 870 2533 apud
898 2470 957 2517 uos
989 2450 1068 2516 mibi
1095 2454 1145 2516 ost
1172 2450 1274 2518 omnis

140 2555 360 2640 deprecationis
395 2577 500 2635 causa,
533 2558 705 2641 imperator
737 2559 881 2642 egregie:
913 2575 973 2622 uos
1005 2557 1055 2622 his
1088 2577 1124 2622 ae
1156 2558 1274 2624 talibus

106 2663 270 2747 areligiosi
302 2663 407 2746 operis
438 2663 580 2729 resistite
612 2663 803 2741 uiuacitate3
837 2664 930 2730 nobis
962 2665 1118 2740 imminet,
1151 2667 1188 2730 ut
1220 2663 1275 2747 qui

140 2770 363 2835 ecclesiasticae
386 2771 571 2836 concordiae
594 2771 754 2836 habuistis
777 2773 809 2836 in
833 2771 958 2856 priuata
980 2772 1048 2836 nnita
1071 2772 1274 2848 desiderium,

140 2875 191 2938 sub
216 2877 396 2961 principatu
424 2877 506 2942 detis
537 2878 696 2943 effectum.
735 2899 797 2944 non
829 2879 901 2956 fuit,
930 2897 992 2960 quo
1020 2879 1125 2962 magis
1153 2877 1325 2963 gratiae13

139 2986 252 3047 uestrae
275 2984 426 3049 cumulus
451 2983 623 3063 accederet,
644 3003 739 3067 quam
760 2984 845 3068 quod
868 2985 961 3050 uobis
985 2983 1139 3050 diuinitus
1163 2985 1272 3048 datum

141 3091 192 3162 est,
217 3094 252 3154 ut
278 3089 366 3173 quod
399 3110 525 3174 semper
555 3091 706 3156 uoluistis
739 3089 820 3169 fieri,
852 3111 908 3176 per
939 3109 997 3156 uos
1031 3090 1070 3156 ad
1102 3092 1273 3156 terminum

105 3219 127 3259 s
139 3195 232 3274 possit
257 3196 382 3274 adduci,
411 3215 469 3261 nec
496 3198 592 3262 breue
621 3199 782 3281 specimen
811 3198 895 3263 circa
922 3216 981 3262 uos
1011 3199 1132 3284 gratiae
1159 3197 1273 3262 diuini-

140 3301 206 3364 tatis
228 3303 354 3382 effulsit,
375 3302 491 3386 quibus
511 3303 605 3368 datur
623 3323 718 3388 posse
737 3305 851 3384 faeere,
878 3304 963 3388 quod
982 3325 1108 3388 semper
1126 3305 1271 3388 optastis.

140 3416 317 3492 quapropter
339 3409 489 3493 quoniam
512 3411 605 3475 uobis
630 3413 736 3476 tantae
762 3431 876 3476 causae
900 3411 1034 3476 titulum
1057 3411 1174 3476 uidetis
1200 3432 1271 3478 esse

140 3519 296 3597 seruatum,
324 3519 490 3582 remouete
518 3517 672 3600 quicquid
700 3518 888 3602 ambignum
915 3519 1106 3584 remansisse
1135 3519 1273 3584 creditur

140 3618 174 3682 ad
193 3621 418 3704 plenitudinem
442 3623 640 3708 gaudiomm.
710 3644 767 3689 nos
792 3625 875 3690 enim
899 3645 962 3707 qua
980 3625 1088 3690 decuit
1106 3625 1270 3692 affectione
1284 3627 1324 3690 14

105 3743 188 3807 uper
210 3726 337 3795 (iratum
360 3750 393 3798 u.
417 3749 454 3808 s,
479 3730 532 3795 cni
554 3750 611 3814 pro
636 3731 851 3798 moderatione
876 3730 926 3796 sui
950 3750 1088 3816 congrue
1112 3732 1270 3797 sensimus

170 3917 263 3974 costis
284 3921 309 3977 V
395 3924 535 3976 semesoat
557 3920 590 3984 V,
609 3937 679 3977 corr.
700 3940 718 3974 α
819 3923 877 3977 <et>
899 3939 958 3976 cum
976 3923 1040 3977 edit.
1059 3939 1122 3992 rep,
1135 3925 1196 4000 <ut>
1210 3941 1270 3978 curu

142 4003 215 4059 lbet
276 4009 446 4066 3tarditate
470 4009 501 4077 V,
520 4026 623 4081 comp
696 4011 849 4066 5desistas
874 4011 904 4076 V,
929 4028 997 4066 cora.
1023 4011 1102 4066 abiel
1193 4011 1269 4066 dse-

140 4097 244 4161 quentur
263 4097 294 4164 V,
313 4115 383 4154 corr.
403 4097 430 4169 ρ2
502 4098 634 4153 adstricta
651 4100 763 4169 scripsi:
783 4099 966 4170 adscriptaV
1038 4101 1071 4154 13
1090 4117 1216 4155 ueremur
1238 4101 1270 4168 V,

140 4196 232 4235 corr-o
303 4188 337 4241 14
356 4188 456 4241 Aeacio
474 4187 560 4241 Bam:
578 4187 662 4242 acacii
685 4188 712 4242 V
782 4190 969 4242 communione
993 4187 1024 4252 V,
1044 4204 1146 4243 corno
1219 4191 1269 4244 im·

140 4267 249 4337 pedimns
269 4275 301 4341 V,
320 4291 391 4331 coru.
409 4276 481 4331 Bar.
564 4279 597 4332 19
615 4279 726 4346 aegregie
749 4276 776 4331 V
850 4279 884 4332 20
902 4277 1080 4332 uiuaciuitate
1104 4277 1134 4341 V,
1155 4293 1223 4333 corr.
1244 4277 1270 4348 ρ2

140 4353 171 4408 22
188 4358 275 4418 effecto
297 4364 330 4429 V,
349 4381 452 4420 como
507 4366 541 4420 27
561 4365 708 4436 causaeV
759 4366 794 4420 28
814 4367 960 4420 remansise
978 4365 1006 4420 V
1056 4368 1091 4422 30
1111 4365 1273 4437 congrueV
