3025 4975
204 423 267 485 758
367 418 536 489 Epiphanius
556 417 771 472 Constantiensis
790 416 823 470 de
842 417 894 470 XII
914 419 1027 486 gemmis
1045 418 1188 472 rationalis

203 611 451 697 intellegendum
482 617 541 691 est,
571 613 644 696 quia
672 632 725 677 ser
752 611 881 678 nomina
909 613 1028 695 scripta
1055 617 1143 678 erant
1165 615 1197 677 iu
1221 615 1352 679 sinistra

203 726 290 804 parte
315 723 346 785 et
370 739 423 786 ser
446 721 478 783 in
505 720 630 784 dextera
653 719 792 784 liliorum
817 719 925 784 Israel.
945 739 1002 784 uec
1022 720 1105 784 enim
1125 725 1248 803 poterat
1266 741 1349 786 unus

203 829 284 910 lapis
314 827 441 892 nomina
469 827 636 892 duodecim
664 826 808 890 tribuum
836 844 946 907 capere
969 829 1099 910 propter
1121 827 1351 892 rotunditatem

204 955 303 1000 suam.
345 935 399 999 sed
437 954 494 998 nec
531 934 693 1016 praecepit
729 933 818 1009 deus,
858 937 895 996 ut
931 933 1102 1015 dupliciter
1137 933 1353 998 inscribantur

204 1042 369 1107 duodecim
403 1042 505 1106 tribus
539 1041 569 1106 in
603 1045 692 1124 porte
726 1041 852 1105 dextera
886 1044 917 1104 et
949 1040 980 1103 in
1014 1041 1144 1105 sinistra
1171 1041 1349 1120 duodecim,
1384 1063 1397 1103 6

204 1149 260 1214 sed
285 1149 474 1232 simpliciter
501 1149 561 1211 ait:
595 1147 865 1230 impressione
904 1147 1111 1230 signaculi
1147 1149 1349 1213 nominum

204 1254 390 1320 filiorum
419 1252 567 1330 Israel,
599 1253 683 1317 sicut
711 1251 808 1316 habet
834 1253 906 1333 ipsa
929 1253 1169 1318 circumstantia
1190 1252 1349 1330 lectionis,

204 1379 299 1442 quam
326 1379 407 1424 nunc
437 1357 475 1421 ad
503 1357 637 1421 uerbum
667 1358 850 1421 curauimus
879 1357 1061 1439 exprimere,
1089 1358 1121 1423 in
1150 1379 1212 1441 qua
1243 1360 1350 1441 ipsum

151 1474 194 1537 54
205 1485 329 1550 quoque
354 1465 558 1548 pontificatus
584 1463 724 1528 officium
747 1467 952 1547 praeceptum
976 1468 1027 1528 est
1049 1464 1194 1529 ordinari.
1218 1467 1265 1530 sic
1288 1467 1349 1531 uit:

206 1577 245 1639 et
272 1573 462 1637 iecerunt
491 1571 830 1654 superhumerale
859 1589 902 1634 ex
930 1590 1026 1636 auro
1055 1575 1095 1634 et
1126 1571 1350 1655 hyacintho
1371 1582 1399 1619 ¹⁰

208 1685 245 1746 et
278 1699 461 1764 purpura
494 1681 533 1743 et
565 1697 686 1742 66666
716 1697 803 1742 cum
831 1679 954 1762 bysso
983 1681 1141 1742 retorta
1168 1716 1221 1745 es.
1251 1699 1351 1761 opus

205 1785 558 1852 textilefecernnt
576 1783 697 1860 illud,
720 1785 1077 1865 superhumeralia
1096 1787 1353 1850 continentia

207 1913 301 1958 sese
331 1913 372 1957 er
400 1891 590 1975 utrisque
620 1891 827 1974 partibus,
857 1911 956 1973 opus
985 1893 1150 1968 textile,
1174 1892 1351 1957 inuicem

206 1999 531 2084 complectentia
560 2017 599 2063 se
628 2017 697 2081 per
725 1998 957 2063 circuitum.
983 2017 1025 2063 ex
1048 1999 1137 2081 ipso
1160 1999 1352 2063 fecerunt

206 2107 319 2170 iuxta
361 2105 449 2170 eins
492 2105 707 2182 iacturam,
752 2125 797 2170 er
838 2125 932 2170 auro
975 2110 1014 2170 et
1050 2106 1271 2188 hyacintho
1311 2110 1398 2169 et¹⁵

204 2233 385 2296 purpura
422 2214 460 2277 et
499 2229 619 2276 66666
658 2215 750 2276 ueto
790 2215 829 2276 et
864 2213 986 2296 bysso
1025 2215 1198 2285 retorta,
1238 2212 1351 2276 sicut

206 2318 1350 2402 praecepitdominusMosi.ieceruntutrosquelopides

205 2425 1350 2510 smaragdiconfibulatosetconclusosauro‚scalptos

205 2532 481 2615 impressione
506 2532 715 2616 signaculi
740 2532 942 2597 nominum
967 2533 1151 2597 filiorum
1172 2534 1351 2609 Israhel,

205 2644 244 2703 et
271 2639 560 2720 imposuerunt
588 2658 653 2703 eos
682 2640 720 2703 in
750 2641 939 2704 humeros
972 2639 1348 2721 superhumeralis,
1368 2652 1396 2690 ’θ

203 2745 365 2827 lapides
394 2746 648 2809 monumenti
676 2744 864 2809 filiorum
893 2744 1070 2820 israhel,
1100 2744 1211 2809 sicut
1243 2765 1352 2829 prae-

152 2850 315 2934 55cepit
346 2852 515 2934 Moyses.
586 2853 663 2917 haec
696 2852 758 2915 duo
792 2852 862 2917 loca
894 2856 970 2916 suot
1001 2853 1114 2916 horum
1146 2852 1288 2933 lapidum
1318 2857 1353 2917 et

204 2958 433 3042 appellationes
463 2976 581 3033 eorum,
612 2978 691 3041 quae
721 2959 894 3023 secundum
923 2959 1040 3022 tribum
1065 2964 1251 3041 praeceptae
1276 2964 1351 3024 sunt

205 3066 364 3130 annotari:
394 3084 476 3129 unus
507 3064 635 3146 quidem
662 3066 754 3129 locus
779 3067 883 3130 estin
907 3066 967 3129 hoc
991 3066 1137 3129 rationali
1161 3069 1193 3129 et
1217 3066 1298 3131 alter
1319 3068 1349 3129 in

204 3172 254 3236 his
278 3190 358 3254 quae
382 3171 531 3235 dicuntur
554 3209 595 3239 *s
620 3172 657 3235 in
682 3172 950 3254 hippodromo
975 3172 1219 3238 Chabratha.
1367 3183 1393 3225 ²⁵

293 3314 309 3365 6
329 3309 411 3364 arou.
431 3311 474 3372 aa,
496 3311 528 3365 rs
550 3310 643 3377 (cxx)
714 3312 747 3365 ro
766 3310 850 3366 uxor.
871 3313 914 3373 ae,
933 3313 1023 3365 9-14
1042 3311 1135 3379 (cxx)
1198 3313 1233 3365 as
1253 3310 1350 3366 cenes.

202 3400 246 3463 rs,
268 3400 283 3453 7
303 3399 397 3469 (cxx)

239 3522 341 3576 4deus
365 3522 399 3575 V:
421 3520 544 3577 dominus
571 3523 655 3593 Fopp.
765 3526 781 3577 6
813 3523 989 3592 impressione
1016 3524 1116 3591 scripsi
1144 3523 1190 3591 (cs.
1212 3522 1292 3589 infra
1313 3524 1351 3577 cd

203 3626 230 3663 u.
254 3612 314 3675 195:
341 3610 525 3678 inpressione
550 3608 575 3663 V
692 3610 831 3663 nominum
851 3626 901 3663 om.
921 3608 1005 3680 Fopp.
1116 3610 1146 3663 ll
1164 3618 1229 3678 post
1248 3616 1350 3663 retorta

205 3698 269 3751 odd.
299 3700 350 3751 etc.
379 3696 477 3766 2696,Ι
505 3714 550 3766 epo
581 3698 712 3751 lacunam
739 3698 879 3752 indicaui:
902 3704 1016 3766 propter
1041 3698 1239 3752 horeoteleaton
1266 3700 1349 3753 iam-

204 3788 328 3841 cr'derrmt
347 3802 388 3848 cu,
407 3802 477 3853 quae
490 3787 557 3853 plus
575 3786 656 3841 laedet
674 3788 764 3841 uasto
782 3787 870 3841 LXX
886 3787 1064 3855 interpretum
1132 3787 1165 3841 15
1183 3788 1305 3841 iacintho
1328 3787 1354 3840 V

205 3876 238 3929 16
258 3878 401 3928 rocconeto
420 3874 450 3937 V,
466 3874 581 3929 distinxi
599 3872 728 3942 (κοκκίνου
749 3874 948 3945 deese-repperere
962 3875 1045 3939 LXX)
1099 3874 1173 3929 bisso
1194 3876 1215 3924 l'
1254 3878 1286 3929 19
1300 3877 1349 3929 im·

203 3962 340 4033 pressione
359 3962 479 4015 restitui:
500 3962 526 4015 in
541 3964 678 4032 pressione
694 3962 718 4015 V
730 3961 930 4033 (γεγλυμμένοος
944 3964 999 4031 [καὶ
1013 3962 1260 4035 ἓικεκολαμμένοος]
1277 3962 1349 4034 ἐγκό-

204 4050 295 4121 λαμμοι
314 4049 453 4123 σφραγῖδος
477 4050 558 4119 Lxx)
663 4052 697 4105 22
716 4051 816 4104 moises
840 4049 865 4101 V
941 4054 975 4105 25
999 4052 1131 4105 lacunam
1151 4051 1281 4105 indicaui
1298 4051 1348 4105 ad·

204 4138 322 4192 seruiens
340 4136 474 4207 vapiuio
499 4139 566 4193 haec
586 4140 735 4193 adnotasti
741 4159 748 4192 r
773 4141 839 4193 ‘ium
856 4156 930 4202 aero,
948 4141 981 4194 ni
996 4142 1093 4208 fallor,
1112 4140 1184 4193 inter
1202 4157 1235 4195 66
1254 4141 1347 4202 malta,

204 4244 275 4295 quoe
301 4227 346 4281 hic
378 4228 466 4281 deesse
491 4236 567 4298 puto,
597 4227 625 4283 S.
654 4230 800 4282 Doctorem
830 4231 985 4296 seposuisse
1012 4230 1183 4286 crediderim.
1216 4228 1348 4297 quomodo

205 4314 346 4370 duodecim
373 4316 460 4369 trahas
486 4334 504 4370 a
524 4318 597 4384 filiis
621 4316 707 4371 Iccod
734 4334 833 4371 666666
857 4321 1023 4387 occeperint,
1050 4323 1116 4387 quot
1139 4334 1239 4372 errores
1264 4317 1347 4371 Iacob
