3025 4975
501 453 588 522 aprsn
608 451 765 507 ccxxnrr
785 449 897 504 11-1a
1205 453 1265 514 tal

132 669 180 714 nos
218 649 352 714 duorum
391 651 609 732 apostolorum
646 648 832 712 informarit
868 647 1020 728 exemplo,
1063 647 1155 710 derum
1198 665 1268 710 esse

134 757 286 820 t'bristum
326 757 487 822 dominum
525 763 671 822 nostrum
708 756 795 820 Petri
831 755 903 832 fide,
937 754 1098 819 hominem
1130 754 1269 818 Thomna

132 861 320 928 dubitatione
337 864 507 929 declarans.
525 864 602 946 quid
622 864 704 926 enim
723 863 884 939 intererat,
903 866 939 926 ut
958 881 1053 944 quem
1073 880 1107 924 se
1126 861 1268 924 homines
1282 859 1322 921 15

133 969 264 1034 dicerent
292 971 467 1053 discipulos
497 990 572 1035 suos
601 971 701 1035 uellet
724 971 892 1052 inquirere,
916 969 977 1033 nisi
1001 972 1038 1032 ut
1060 967 1269 1050 respondente

109 1075 233 1142 rPetro:
259 1081 302 1142 tu
326 1097 366 1141 es
391 1077 586 1143 Christus
610 1077 732 1141 filius
753 1077 817 1141 dei
835 1076 921 1140 uiui
941 1081 1052 1140 notum
1072 1075 1190 1139 laceret
1209 1094 1269 1138 non

132 1181 183 1247 boo
211 1183 249 1247 de
278 1202 371 1248 carne
401 1188 433 1248 et
461 1185 613 1268 sangnine
636 1183 800 1267 proditum
824 1184 880 1248 sed
903 1187 991 1266 patre
1016 1183 1073 1248 deo
1098 1183 1270 1265 inspirante

131 1290 301 1355 reuelatum
334 1294 366 1354 et
402 1310 458 1372 per
493 1292 716 1356 testimoninm
752 1291 901 1355 laudatae
938 1290 1154 1372 responsionis
1190 1289 1269 1352 fides

131 1397 297 1478 patefactae
327 1397 416 1462 fieret
443 1397 614 1462 ueritatis?
642 1398 719 1480 quid
747 1397 906 1475 intererat,
935 1403 973 1462 ut
999 1401 1169 1481 apparente
1196 1394 1321 1476 666616

131 1504 383 1568 resurrectionem
417 1504 544 1568 domino
580 1505 717 1569 Thomas
750 1509 876 1569 tantum
909 1509 965 1568 aut
998 1506 1125 1569 deesset
1156 1503 1270 1568 ceteris

98 1629 116 1664 ιο
132 1615 179 1672 666
201 1611 289 1674 66166
314 1611 499 1694 ambigeret,
524 1611 585 1675 nisi
609 1615 646 1675 ut
669 1612 807 1676 mundus
832 1611 973 1676 crederet
996 1612 1081 1693 quod
1104 1611 1269 1693 ambigens

132 1716 300 1799 discipulus
334 1719 537 1799 explorasset,
572 1721 618 1796 ut,
643 1719 718 1782 dum
747 1719 842 1782 unius
871 1719 1018 1782 manibus
1047 1737 1080 1782 se
1108 1721 1270 1800 pateretur

131 1824 220 1907 tangi.
241 1823 279 1887 ab
299 1824 507 1888 uniuersitate
527 1825 679 1904 fidelium,
701 1825 777 1907 quid
797 1829 891 1899 esset,
912 1825 1014 1908 possit
1033 1823 1187 1907 agnosci?
1208 1843 1268 1886 non

132 1948 196 2012 ergo
220 1929 259 1994 ad
283 1929 525 2013 improbandum
545 1932 739 2014 discipulum
758 1933 948 2013 interposita
966 1935 1017 1995 est
1036 1931 1192 1994 dubitatio
1212 1929 1269 1994 sed

133 2038 266 2116 quaesita
294 2037 493 2118 posteritatis
522 2039 702 2103 instructio.
731 2059 811 2102 anne
838 2039 926 2102 aliud
954 2041 1087 2121 spectat,
1117 2038 1201 2119 quod
1234 2033 1319 2102 6617

99 2159 117 2194 n
132 2141 206 2206 idem
230 2143 378 2207 dominus
404 2144 539 2225 Cleopae
564 2164 636 2209 oum
660 2145 721 2210 alio
747 2145 915 2227 discipulo,
940 2165 1013 2208 cum
1038 2144 1076 2207 ad
1099 2145 1267 2207 Emmanm

133 2249 286 2314 tendentes
312 2250 349 2313 de
374 2270 408 2314 se
431 2251 646 2333 loquerentur,
670 2252 805 2316 inseruit
828 2257 868 2328 et,
894 2271 1085 2333 quamquam
1109 2250 1146 2314 de
1166 2270 1268 2314 resur-

133 2355 260 2419 rectione
289 2354 408 2419 domini
437 2377 493 2439 per
520 2359 680 2434 mulieres,
712 2378 792 2440 quae
819 2359 938 2441 primae
963 2358 1003 2421 ad
1025 2362 1267 2422 monumentum

134 2467 344 2529 conuenerant.
370 2465 586 2548 agnouissent,
610 2470 726 2542 tamen,
756 2468 794 2529 ut
820 2485 875 2547 per
904 2485 1012 2531 eorum
1037 2463 1266 2530 dubitationem

133 2566 212 2632 daret
229 2570 376 2635 credendi
395 2572 510 2635 futuris
528 2573 663 2637 saeculis
678 2573 871 2648 firmitatem,
891 2572 1081 2655 incipiens
1102 2593 1120 2635 a
1139 2572 1267 2655 Moyse

96 2692 117 2728 n
135 2677 166 2736 et
192 2675 361 2739 omnibus
390 2676 588 2760 prophetis
614 2678 793 2759 oportuisse
817 2676 898 2759 pati
922 2675 1118 2741 Christum
1147 2681 1184 2741 66
1214 2678 1267 2741 166

133 2779 261 2846 intrare
298 2782 334 2846 in
370 2784 528 2867 glorium
564 2804 669 2848 suam
703 2785 929 2867 interpretatus
967 2785 1107 2848 ostendit
1143 2788 1175 2848 et
1211 2804 1268 2867 per

131 2888 301 2966 passionem
316 2890 487 2954 humanam
501 2894 644 2955 naturam
661 2894 692 2955 66
707 2891 847 2955 diuinam
857 2891 887 2954 iu
905 2912 940 2955 6ο
957 2911 1027 2955 6666
1042 2910 1097 2974 666
1112 2891 1266 2975 gloriam?

132 2994 355 3075 multiplicibus
371 2996 448 3061 haec
465 3003 644 3061 sanctarum
661 2999 890 3081 scripturarum
904 2998 1103 3062 insinuantur
1117 2998 1267 3079 erernplis
1280 2996 1320 3058 18

133 3116 184 3163 666
206 3102 285 3183 apud
309 3102 492 3185 religiosam
513 3104 739 3167 conscientiam
759 3109 858 3182 tuam,
878 3105 1068 3169 uenerabilis
1088 3105 1286 3187 imperator„

96 3224 118 3261 rs
135 3206 283 3287 tamquam
299 3210 408 3291 ignota
423 3210 580 3274 dicuntur.
601 3211 678 3274 fides
699 3212 782 3275 enim
802 3212 880 3293 ipsa,
902 3230 982 3294 quae
1002 3230 1020 3274 a
1038 3214 1070 3274 te
1090 3214 1270 3274 constanter

136 3314 283 3393 asseritur,
308 3316 367 3379 tibi
388 3316 491 3381 reddit
509 3318 569 3381 lroo
588 3318 739 3393 66666616,
760 3321 797 3381 ut
816 3318 963 3382 sensibus
983 3318 1049 3381 tuis
1069 3322 1101 3381 et
1120 3318 1267 3380 affectum

136 3418 178 3481 sui
210 3422 327 3487 inserat
366 3431 399 3487 66
435 3424 610 3502 scientiam,
647 3445 703 3506 per
740 3444 834 3507 quam
876 3425 1060 3508 diligentius
1098 3426 1267 3500 asseratur,

212 3563 341 3617 snauh.
365 3566 405 3624 16,
427 3564 459 3617 16
528 3564 621 3632 8666.
642 3564 674 3618 cf.
694 3564 752 3619 Iob.
773 3566 815 3629 20,
834 3566 870 3619 24
889 3582 947 3633 sqq.
1018 3564 1050 3617 14
1069 3580 1127 3631 sqq.
1148 3563 1182 3617 cf.
1201 3564 1266 3617 Luc.

134 3646 170 3709 21,
188 3650 219 3705 13
238 3669 295 3722 sqq.
353 3653 386 3705 19
406 3670 463 3721 sqq.
484 3654 548 3707 Luc.
569 3654 611 3715 24,
632 3656 665 3707 27
687 3658 714 3707 66
733 3652 768 3707 26

165 3738 175 3791 1
195 3756 251 3793 6666
269 3758 297 3794 sa
311 3740 560 3805 lr¹lr²b³b⁴lc¹¹³d²i¹a¹²,
580 3759 608 3795 se
628 3760 686 3796 esse
700 3742 724 3794 l³
760 3745 776 3797 3
796 3742 994 3797 dubitationem
1013 3740 1268 3795 n¹n²n³n⁴b⁶u⁷n¹⁰d²

135 3824 243 3883 declarat
262 3830 347 3885 Gaas.
455 3848 483 3885 66
497 3832 586 3885 (asse)
602 3832 686 3886 Gona.
778 3833 793 3884 5
812 3836 906 3886 notum
926 3832 1028 3885 laceret
1050 3831 1118 3885 VH:
1136 3832 1268 3885 fateretur

135 3915 204 3984 Hisp.
240 3920 335 3973 undis
360 3920 579 3975 Vb¹o²n³n³n¹¹n²
615 3921 716 3991 8quid
736 3922 792 3975 VH
806 3921 988 3990 u'quodun‘n:
1009 3920 1172 3988 quidetiam
1183 3921 1266 3988 Hisp.

135 4004 293 4062 ildomiuum
314 4010 346 4062 H
364 4010 483 4074 (domino
502 4010 539 4071 bl,
559 4026 609 4063 om.
629 4008 669 4073 bl)
743 4010 866 4064 essetH
883 4008 1098 4076 receptarunt)
1173 4011 1204 4063 ll
1225 4010 1267 4062 di-

135 4094 240 4163 scipulus
262 4098 345 4166 11166.
369 4098 411 4151 H:
435 4098 503 4153 disci
532 4098 556 4150 V
629 4101 661 4153 12
681 4104 773 4168 posset
802 4099 886 4154 Gens.
963 4099 995 4151 13
1019 4097 1216 4167 implorandum
1236 4099 1268 4150 H

137 4183 164 4235 ll
180 4192 281 4254 spectat
302 4186 380 4243 Gan:
401 4192 525 4257 expectat
548 4188 685 4257 VHHisp.
779 4190 811 4243 15
831 4188 942 4256 cleophe
961 4186 999 4251 bl,
1024 4186 1159 4256 Cleophae
1181 4187 1265 4239 Gora.

138 4270 163 4321 16
180 4272 210 4327 de
228 4276 284 4329 solo
305 4280 470 4345 quaerentur
490 4281 693 4345 (quaererentur
710 4277 751 4342 12¹)
771 4276 935 4331 h¹n²o³n⁰t¹⁰
1043 4278 1076 4331 ab
1103 4277 1268 4345 oportuisset

135 4356 344 4419 t¹lcn³b⁴n⁰b⁷b¹⁰
399 4366 432 4419 23
451 4366 625 4419 insinuantur
643 4366 725 4435 Hisp.
746 4367 789 4419 H:
809 4366 991 4419 testificantur
1014 4366 1040 4419 V

1163 4469 1213 4521 46·
