3025 4975
208 437 272 500 680
531 435 677 488 Honnisda
696 433 963 489 Germano-Iohanni
981 439 1032 488 ete.

207 633 239 693 et
268 628 354 693 saliis
384 629 506 693 animae
537 633 569 694 et
592 630 664 694 fidei
689 629 823 694 affectus
848 633 1018 706 accrescat,
1042 631 1163 696 talibus
1188 629 1356 694 desideriis

163 737 182 798 3
206 737 368 818 postulata
393 737 546 820 competit
569 756 630 802 non
654 756 778 820 negare.
803 737 887 802 unde
911 737 939 801 si
963 742 997 801 et
1018 737 1209 803 beatitudini
1228 740 1356 802 uestrae

207 843 346 918 uidetur,
373 845 552 908 sanctuaria
575 844 741 909 beatorum
766 845 853 909 Petri
876 848 909 910 et
928 845 1020 909 Pauli
1039 843 1216 909 secundum
1234 861 1356 908 morem

208 951 236 1014 ei
260 950 369 1034 largiri
388 951 571 1033 praecipite,
592 954 633 1026 et,
654 951 681 1014 si
701 950 768 1015 fieri
787 954 894 1034 potest
913 951 951 1016 ad
972 950 1145 1016 secundam
1164 953 1356 1014 cataractam

207 1057 279 1138 ipsa
303 1057 483 1122 sanctuaria
507 1057 673 1138 deponere,
697 1061 843 1122 uestrum
866 1062 918 1122 est
939 1058 1123 1124 deliberare.
1146 1059 1231 1140 petit
1257 1061 1290 1122 et
1316 1057 1357 1120 de
1388 1077 1403 1118 a

208 1163 327 1228 catenis
343 1167 524 1228 sanctorum
544 1165 773 1246 apostolorum,
792 1165 821 1228 si
839 1165 993 1247 possibile
1014 1169 1072 1242 est,
1093 1164 1183 1229 etde
1203 1164 1359 1229 craticula

165 1270 185 1331 4
209 1271 294 1335 beati
323 1271 483 1335 Laurentii
511 1272 669 1353 martyris.
738 1272 803 1336 ista
826 1274 902 1338 sunt
924 1271 1084 1337 desideria
1104 1270 1260 1354 praedicti
1283 1271 1356 1348 uiri,

207 1377 237 1439 in
263 1377 339 1441 haec
360 1377 437 1441 fides
456 1377 559 1459 ipsius
580 1381 630 1442 est
647 1379 790 1443 incitata.
809 1383 938 1461 propter
956 1379 1015 1444 hoc
1034 1379 1066 1442 iu
1086 1379 1198 1444 urbem
1217 1382 1357 1443 uestram

207 1483 312 1546 uirum
343 1483 548 1565 spectabilem
576 1485 750 1568 Eulogium
778 1485 1023 1570 magistrianum
1052 1485 1175 1561 direxit,
1206 1485 1265 1549 hoc
1293 1483 1358 1549 sibi

208 1589 391 1653 satisfecere
423 1589 578 1669 iudicans,
613 1591 640 1654 si
673 1591 711 1655 de
743 1591 814 1674 ipso
847 1593 944 1658 fonte.
979 1592 1017 1656 de
1051 1611 1113 1675 quo
1145 1611 1203 1675 per
1230 1610 1403 1656 omnemne

207 1699 321 1760 terram
341 1698 521 1761 sanctuaria
541 1700 756 1780 apostolorum
777 1702 852 1764 sunt
871 1700 954 1775 data,
973 1700 1046 1764 inde
1066 1702 1098 1764 et
1116 1700 1186 1782 ipse
1203 1698 1358 1779 reliquias

209 1803 372 1885 suscipere
405 1807 572 1868 mereatur.
607 1808 639 1868 et
671 1806 750 1870 bene
782 1806 888 1872 facitis
926 1825 1055 1871 causam
1093 1807 1357 1882 ecclesiasticam,

208 1928 397 1994 magnopere
430 1910 461 1973 in
500 1911 732 1976 contestatione
770 1911 832 1989 dei,
870 1903 927 1976 tali
964 1911 1086 1978 homini
1124 1911 1358 1988 commendare,

209 2017 300 2081 cuius
325 2015 490 2080 sinceritas
515 2021 548 2082 et
570 2018 737 2102 integritas
761 2019 845 2083 circa
866 2018 1052 2103 religionem
1073 2018 1262 2084 catholicam
1281 2023 1362 2082 nota

165 2125 183 2186 5
209 2127 259 2188 est
282 2123 429 2188 omnibus
453 2123 646 2189 hominibus.
716 2125 790 2188 hinc
813 2126 985 2190 uoluerunt
1009 2127 1164 2209 capsellas
1189 2130 1360 2210 argenteas
1379 2143 1406 2183 ιε»

209 2229 311 2294 lacere
341 2235 373 2294 et
401 2230 546 2314 dirigere,
573 2231 628 2294 sed
651 2235 765 2313 postea
788 2233 1019 2316 cogitauerunt,
1044 2237 1082 2297 ut
1104 2233 1165 2297 hoo
1189 2251 1315 2315 quoque
1338 2251 1362 2296 a

210 2341 318 2400 uestra
332 2337 406 2400 sede
421 2357 477 2419 pro
491 2336 709 2403 benedictione
727 2339 892 2421 suscipiat.
912 2339 1056 2424 singulas
1075 2343 1181 2404 tamen
1200 2339 1361 2422 capsellas

209 2461 266 2524 per
289 2443 488 2525 singulorum
513 2444 728 2526 apostolorum
752 2443 904 2527 reliquias
923 2443 990 2509 fieri
1009 2443 1122 2510 debere
1142 2445 1359 2531 suggerimus.

210 2550 292 2613 Data
315 2550 373 2613 Ill.
399 2550 469 2614 Kal.
494 2551 555 2617 Iul.
581 2550 864 2635 Constantinopoli.

729 2743 838 2827 (als.)
1377 2786 1406 2824 a

255 2884 410 2929 nonnrsna
439 2884 585 2931 osannae
609 2886 648 2931 ar
672 2887 807 2931 nonaum
830 2886 990 2933 urrscorrs
1013 2888 1116 2933 aanor
1140 2888 1180 2933 ur
1203 2888 1358 2933 nroscono

211 2991 360 3035 nraoours
389 2992 427 3036 nr
457 2993 580 3039 nnauoo
609 2993 819 3039 nnnsnrrnno.
890 2974 1083 3057 Opiniouum
1107 2976 1278 3040 diuersitas
1303 2975 1360 3040 diu

211 3098 267 3142 nos
301 3078 377 3142 lacit
410 3079 447 3143 de
480 3080 688 3162 prosperitate
721 3086 829 3147 uestra
861 3082 914 3163 uel
947 3082 985 3146 <le
1018 3086 1185 3165 susceptae
1221 3082 1361 3147 actionis

212 3185 365 3266 qualitate
390 3187 557 3261 sollicitos,
581 3189 751 3271 praecipue
775 3207 848 3252 cum
871 3187 952 3253 nihil
975 3192 1097 3253 certum
1120 3192 1187 3252 tem
1206 3188 1360 3253 diuturno

210 3295 352 3374 tempore
370 3297 494 3358 uestrae
510 3293 690 3359 dilectionis
705 3296 922 3377 potuissemus
938 3295 1144 3377 rescriptione
1154 3313 1360 3378 cognoscere.
1378 3317 1406 3357 aa

209 3417 267 3463 nos
304 3404 408 3464 tamen
448 3404 570 3483 reperta
606 3402 716 3467 latoris
755 3403 921 3467 occasione
957 3402 1035 3466 haec
1071 3402 1142 3482 ipsa
1178 3402 1360 3485 significare

210 3505 392 3570 maluimus.
412 3510 603 3589 quapropter·
623 3508 808 3583 salutantes,
829 3526 903 3572 cum
923 3507 974 3571 dei
993 3507 1220 3589 omnipotentis
1239 3508 1361 3573 auxilio

208 3612 383 3679 incolomes
420 3628 478 3678 nos
516 3633 587 3679 esse
626 3614 825 3697 cognoscite,
864 3614 949 3697 quod
984 3617 1017 3680 et
1049 3614 1088 3679 de
1120 3614 1213 3678 uobis
1246 3612 1361 3677 audire

167 3726 186 3787 2
211 3718 439 3783 desideramus.
510 3721 565 3787 seo
589 3724 625 3785 ut
649 3721 686 3786 de
711 3722 869 3800 omnibus,
896 3741 976 3804 qnae
1000 3725 1093 3806 geste
1110 3725 1196 3797 sunt,
1215 3723 1361 3785 nostram

248 3914 262 3965 6
283 3912 417 3981 graticula
440 3912 471 3973 V,
491 3928 559 3965 corr.
581 3932 598 3965 α
669 3916 685 3967 9
705 3913 756 3967 lroc
776 3926 805 3964 a:
824 3913 856 3967 ia
880 3905 1109 3981 Vc'ompenciium
1126 3911 1170 3965 ita
1182 3910 1291 3979 pictum
1311 3917 1362 3975 eat,

211 4008 242 4054 at
265 4008 358 4055 ulrum
382 4000 433 4054 hoc
457 4018 495 4053 aa
517 4002 583 4055 haec
606 4002 641 4055 ait
666 4002 782 4070 difficile
809 4002 964 4071 distinguas
1069 4000 1101 4053 18
1120 3999 1213 4053 deberi
1237 3999 1268 4063 V,
1287 4015 1360 4053 corr.

212 4090 270 4145 cod.
289 4090 411 4159 Aepolie.

247 4178 314 4235 alo.
353 4180 420 4232 Dal.
442 4196 468 4231 a.
491 4182 543 4231 519
563 4180 606 4233 die
624 4182 664 4233 25
682 4181 751 4248 Apr.
788 4180 861 4234 Eud.
881 4180 943 4233 Cur.
963 4178 994 4231 1²
1014 4182 1086 4245 499;
1106 4178 1215 4232 Collect.
1238 4175 1363 4243 Condl.‚·

212 4268 293 4320 ΒΤΑ
314 4269 333 4321 Ι
351 4272 419 4331 421ς
441 4267 520 4321 Tta'el
539 4272 613 4337 866,·
631 4276 820 4323 commemorat
838 4270 908 4323 Bar.
929 4269 968 4322 ad
986 4286 1011 4321 c.
1034 4270 1097 4329 519,
1120 4272 1159 4320 71.
1250 4267 1282 4320 21
1309 4283 1362 4320 on-

211 4376 291 4411 nsna
318 4360 338 4409 l·
392 4360 426 4411 22
445 4350 512 4418 nme
532 4358 553 4409 l'
607 4360 641 4411 25
660 4360 849 4428 rescriptiones
872 4358 905 4416 V.
925 4374 993 4413 corr.
1013 4356 1040 4407 ο2
