3025 4975
554 448 644 517 Epist.
664 446 749 501 sarx
767 446 846 501 a-e.
1208 449 1272 513 609

135 645 304 711 Caelestino
336 664 419 729 papa
449 643 538 708 urhis
570 644 689 708 Romae
722 647 756 707 et
787 663 806 709 a
837 642 1012 708 uenerabili
1048 642 1116 707 uiro
1154 641 1271 727 cyrillo

135 751 275 833 episcopo
303 750 530 816 Alexandrinae
558 749 711 826 ciuitatis,
740 753 773 814 et
799 768 864 815 una
891 769 964 814 cum
987 750 1042 814 illo
1067 751 1272 817 anathemati·

134 878 233 924 ramus
246 859 412 942 Eutychen
428 861 460 923 et
473 858 663 922 Dioscorum
682 848 908 921 Alexandrinae
927 857 1068 921 ciuitatis
1088 858 1272 940 episcopum

134 964 290 1030 damnatos
317 966 350 1029 in
378 968 490 1030 sancta
517 964 637 1048 synodo
667 962 929 1040 chalcedonensi,
958 982 1050 1045 quam
1086 968 1272 1029 uenerantes

111 1071 290 1154 esequimur
326 1076 359 1137 et
390 1072 624 1155 amplectimur,
658 1090 738 1153 quae
773 1089 907 1152 sequens
941 1072 1083 1135 sanctam
1116 1070 1272 1155 synodum

134 1176 297 1243 Nicaenam
334 1176 545 1261 apostolicam
581 1176 675 1241 fidem
714 1176 922 1259 praedicauit.
959 1176 1010 1241 his
1044 1166 1316 1261 coniungentes5

135 1284 329 1350 Timotheum
344 1284 531 1368 parricidam
545 1283 679 1348 Elurum
696 1284 952 1367 cognominatum
969 1285 1272 1349 anathematizamus

135 1396 164 1456 et
182 1392 276 1457 huius
300 1392 496 1475 discipulum
520 1394 554 1455 et
576 1409 745 1472 sequacem
768 1390 799 1456 in
825 1391 972 1456 omnihus
990 1392 1121 1457 Petrum
1140 1394 1271 1457 Alexan-

135 1498 249 1563 drinum
290 1499 439 1565 similiter
478 1497 735 1574 condemnantes,
779 1499 1083 1563 anathematizamus
1125 1498 1273 1564 similiter

101 1626 121 1661 ro
134 1604 274 1671 Acacium
298 1605 458 1687 quondam
481 1604 850 1687 Constantinopolitanae
875 1605 963 1669 urhis
982 1606 1168 1687 episcopum
1188 1625 1271 1671 com-

133 1710 239 1792 plicem
267 1730 377 1777 eorum
406 1722 439 1777 et
466 1730 635 1794 sequacem
663 1711 785 1776 factum
809 1731 866 1775 nec
890 1731 950 1775 non
976 1715 1008 1775 et
1031 1717 1270 1794 perseuerantes

135 1837 232 1884 eorum
247 1818 462 1884 communioni
482 1821 515 1884 et
531 1818 789 1901 participationi:
810 1838 945 1901 quorum
966 1819 1048 1883 enim
1069 1818 1140 1901 quis
1161 1838 1269 1883 eorum

135 1926 379 1990 communionem
406 1924 620 2008 amplectitur,
650 1944 760 1989 eornm
784 1928 817 1990 et
839 1925 977 1990 similem
1002 1924 1270 1989 adiudicationem

134 2032 161 2094 in
188 2032 444 2098 condemnatione
473 2032 687 2113 consequitur.
717 2032 816 2096 simili
844 2030 937 2097 modo
967 2034 1000 2097 et
1030 2032 1157 2097 Petrum
1180 2032 1270 2096 Anti-

101 2158 120 2194 a
135 2137 274 2202 ochennm
299 2137 546 2205 condemnantes
570 2138 874 2203 anathematizamus
899 2158 971 2202 cum
992 2138 1181 2219 sequacibus
1201 2138 1268 2203 suis

135 2248 162 2307 el
181 2246 323 2310 omnihus
343 2243 597 2328 suprascriptis.
620 2244 704 2309 unda
722 2245 893 2327 probamus
915 2248 947 2309 et
965 2246 1188 2327 amplectimur
1206 2245 1269 2327 epi·
1294 2236 1313 2298 6

135 2352 224 2416 stolas
254 2370 364 2418 omnes
396 2351 483 2416 beati
513 2351 628 2416 Leonis
661 2371 761 2434 papae
793 2352 881 2415 urbis
914 2352 1042 2429 Romae,
1080 2371 1159 2433 quas
1197 2372 1269 2417 con·

135 2458 252 2541 scripsit
269 2459 306 2525 do
325 2461 414 2525 recta
435 2457 509 2523 fide.
533 2461 733 2542 quapropter,
754 2459 840 2524 sieut
857 2459 1081 2542 praediximus,
1101 2464 1268 2544 sequentes

28 2552 34 2569 ⁸
133 2563 159 2628 io
188 2567 328 2631 omnibus
356 2564 465 2630 sedem
494 2565 702 2648 apostolicam
731 2570 763 2629 et
789 2565 1009 2648 praedicamus
1038 2567 1153 2635 omnia.
1187 2585 1267 2649 quaa

97 2670 165 2732 aab
195 2671 258 2752 ipsa
284 2673 411 2736 decreta
435 2674 519 2748 sunt,
544 2674 577 2736 et
599 2673 765 2754 propterea
789 2690 881 2753 spero
904 2673 936 2736 in
961 2691 1022 2737 una
1047 2674 1268 2738 communione

132 2776 301 2856 nobiscum,
330 2797 426 2860 quam
453 2778 630 2860 apostolica
658 2777 749 2842 sedes
778 2778 948 2861 praedicat,
978 2798 1029 2843 me
1057 2779 1212 2859 futurum,
1235 2781 1267 2844 in

134 2903 192 2964 qua
219 2887 265 2948 est
294 2884 419 2968 integra
451 2882 648 2949 Christianae
679 2883 843 2968 religionis
877 2888 909 2948 et
938 2885 1077 2968 perfecta
1110 2885 1267 2962 soliditas,

134 2991 306 3070 promittens
334 2992 368 3056 in
396 2990 543 3072 sequenti
570 2996 714 3072 tempore
743 2995 961 3073 sequestratos
996 3011 1014 3056 a
1046 2993 1267 3058 communione

135 3097 273 3163 ecclesiae
296 3096 482 3175 catholicae,
506 3097 539 3162 id
563 3101 613 3162 est
635 3097 667 3161 ia
692 3098 840 3162 omnihus
865 3119 926 3163 nou
947 3099 1180 3164 consentientes
1200 3100 1267 3163 sedi

100 3206 323 3284 aspostolicae,
361 3223 470 3270 eornm
508 3199 636 3270 nomin'a
670 3204 754 3269 inter
790 3225 880 3271 sacra
910 3225 972 3270 non
1004 3205 1164 3271 recitanda
1197 3225 1267 3270 esse

135 3313 280 3392 mysteria.
304 3310 391 3396 quod
410 3312 438 3376 si
456 3311 488 3375 iu
508 3312 614 3394 aliquo
634 3330 652 3375 a
669 3311 868 3395 professione
891 3331 962 3376 mea
986 3311 1112 3374 deniare
1132 3314 1267 3393 tempta-

163 3563 296 3618 3euticeu
320 3563 353 3626 V,
372 3563 545 3617 Eutichetem
568 3563 654 3616 Gaas.
737 3562 932 3617 tdamnaturu
952 3563 1034 3630 Hesp,
1117 3561 1218 3630 synodal
1243 3561 1268 3613 V

134 3652 305 3707 linichemam
329 3653 356 3706 V
407 3652 566 3706 VEllurum
588 3652 673 3706 Gaas.
729 3651 943 3721 8disscipulum
968 3652 993 3704 V
1042 3649 1264 3719 9anathenraty-

133 3742 256 3796 samusV
327 3741 454 3795 similiter
476 3740 523 3795 Vs':
544 3741 671 3794 similiter
690 3745 718 3793 et
739 3741 824 3795 Gens.
883 3742 915 3795 10
935 3739 1047 3794 condam
1072 3739 1099 3792 V
1154 3739 1183 3790 ll
1205 3755 1264 3808 per-

132 3836 287 3884 seuerantem
306 3829 390 3898 Hesp.
440 3831 472 3883 12
492 3846 583 3884 eornm
602 3846 652 3883 om.
673 3829 685 3882 ι’
702 3830 772 3883 Βαν.
821 3831 853 3884 13
873 3830 1059 3883 eonamunione
1083 3827 1109 3879 V
1144 3829 1175 3880 16
1196 3827 1263 3879 orni·

131 3916 174 3970 hus
194 3919 217 3971 V
304 3918 495 3988 suprascriptis
514 3919 537 3971 i:
561 3919 617 3972 suis
641 3918 672 3982 V,
692 3919 749 3971 suis
774 3922 800 3971 et
824 3918 948 3972 omnibus
967 3915 1156 3986 suprascriptis
1179 3914 1264 3968 Gens.

134 4007 160 4057 17
178 4008 351 4076 couscripscit
372 4007 400 4060 V
469 4008 504 4062 20
522 4009 549 4060 in
569 4007 664 4076 Hispa
689 4011 721 4060 ut
744 4007 771 4059 V
877 4007 1063 4060 communione
1087 4002 1153 4057 Vet
1172 4001 1265 4056 ‘codas

133 4091 297 4150 bibliothecae
319 4095 419 4164 repiae'
445 4094 617 4149 Goerecleeia':
642 4095 884 4148 communicatione
908 4095 988 4148 ceteri
1007 4091 1123 4146 arcadem
1143 4090 1220 4144 codd.
1239 4097 1264 4144 et

134 4179 173 4233 i¹t²
219 4184 253 4239 23
271 4184 428 4255 insequenti
450 4182 476 4234 V
521 4183 555 4236 26
576 4182 673 4248 Quidsi
697 4183 721 4235 V
775 4183 884 4237 deuiare
906 4183 997 4236 Coaat.
1019 4183 1064 4248 (ef.
1085 4179 1264 4233 adiudicatae

136 4269 211 4324 libelli
226 4276 374 4342 amplam
389 4289 422 4326 ex
435 4257 538 4326 certato
553 4273 681 4328 ecelesiae
695 4271 842 4326 Romanae
859 4271 970 4325 editam:
998 4270 1077 4324 Thiel
1085 4286 1114 4338 p.
1136 4271 1153 4322 7
1157 4269 1203 4334 96,
1221 4270 1262 4332 dl:

137 4354 246 4412 dubitare
268 4361 375 4430 VHe'ap.
394 4369 456 4430 (cm,
474 4359 531 4430 dih

1160 4462 1208 4514 39*
