<?xml version="1.0" encoding="UTF-8"?>
<!DOCTYPE html PUBLIC "-//W3C//DTD XHTML 1.0 Transitional//EN"
    "http://www.w3.org/TR/xhtml1/DTD/xhtml1-transitional.dtd">
<html xmlns="http://www.w3.org/1999/xhtml" xml:lang="en" lang="en">
 <head>
  <title>
</title>
<meta http-equiv="Content-Type" content="text/html;charset=utf-8" />
  <meta name='ocr-system' content='tesseract 3.04.00' />
  <meta name='ocr-capabilities' content='ocr_page ocr_carea ocr_par ocr_line ocrx_word'/>
</head>
<body>
  <div class='ocr_page' id='page_1' title='image "./corpusscriptoru02wiengoog_0170.png"; bbox 0 0 3025 4975; ppageno 0'>
   <div class='ocr_carea' id='block_1_1' title="bbox 223 473 1034 544">
    <p class='ocr_par' dir='ltr' id='par_1_1' title="bbox 223 473 1034 544">
     <span class='ocr_line' id='line_1_1' title="bbox 223 473 1034 544; baseline -0.009 -10"><span class='ocrx_word' id='word_1_1' title='bbox 223 478 289 542; x_wconf 86' lang='lat'><strong>650</strong></span> <span class='ocrx_word' id='word_1_2' title='bbox 576 474 697 528; x_wconf 81' lang='lat' dir='ltr'><strong>Iustinus</strong></span> <span class='ocrx_word' id='word_1_3' title='bbox 715 474 855 544; x_wconf 76' lang='lat' dir='ltr'><strong>Augustus</strong></span> <span class='ocrx_word' id='word_1_4' title='bbox 875 473 1034 528; x_wconf 84' lang='lat' dir='ltr'><strong>Hormisdae</strong></span> 
     </span>
    </p>
   </div>
   <div class='ocr_carea' id='block_1_2' title="bbox 178 670 1426 2765">
    <p class='ocr_par' dir='ltr' id='par_1_2' title="bbox 221 670 1417 1501">
     <span class='ocr_line' id='line_1_2' title="bbox 223 670 1370 752; baseline 0.001 -18"><span class='ocrx_word' id='word_1_5' title='bbox 223 670 411 734; x_wconf 87' lang='lat' dir='ltr'><strong>celebranda</strong></span> <span class='ocrx_word' id='word_1_6' title='bbox 448 688 520 734; x_wconf 90' lang='lat' dir='ltr'><strong>cum</strong></span> <span class='ocrx_word' id='word_1_7' title='bbox 558 670 735 752; x_wconf 86' lang='lat' dir='ltr'><strong>apostolica</strong></span> <span class='ocrx_word' id='word_1_8' title='bbox 772 670 845 735; x_wconf 89' lang='lat' dir='ltr'><strong>sede</strong></span> <span class='ocrx_word' id='word_1_9' title='bbox 883 670 942 734; x_wconf 90' lang='lat' dir='ltr'><strong>sub</strong></span> <span class='ocrx_word' id='word_1_10' title='bbox 980 670 1178 752; x_wconf 74' lang='lat' dir='ltr'>temporibus</span> <span class='ocrx_word' id='word_1_11' title='bbox 1218 670 1370 735; x_wconf 83' lang='lat' dir='ltr'><strong>Iohannis</strong></span> 
     </span>
     <span class='ocr_line' id='line_1_3' title="bbox 222 776 1373 861; baseline 0.003 -21"><span class='ocrx_word' id='word_1_12' title='bbox 222 776 484 860; x_wconf 82' lang='lat' dir='ltr'><strong>religiosissimae</strong></span> <span class='ocrx_word' id='word_1_13' title='bbox 506 778 688 856; x_wconf 80' lang='lat' dir='ltr'><strong>memoriae,</strong></span> <span class='ocrx_word' id='word_1_14' title='bbox 708 797 781 841; x_wconf 89' lang='lat' dir='ltr'><strong>cum</strong></span> <span class='ocrx_word' id='word_1_15' title='bbox 800 776 832 841; x_wconf 90' lang='lat' dir='ltr'><strong>in</strong></span> <span class='ocrx_word' id='word_1_16' title='bbox 852 777 1030 843; x_wconf 88' lang='lat' dir='ltr'><strong>sacerdotio</strong></span> <span class='ocrx_word' id='word_1_17' title='bbox 1048 777 1153 861; x_wconf 86' lang='lat' dir='ltr'><strong>regiae</strong></span> <span class='ocrx_word' id='word_1_18' title='bbox 1171 777 1267 841; x_wconf 91' lang='lat' dir='ltr'><strong>huius</strong></span> <span class='ocrx_word' id='word_1_19' title='bbox 1284 782 1373 843; x_wconf 89' lang='lat' dir='ltr'><strong>esset</strong></span> 
     </span>
     <span class='ocr_line' id='line_1_4' title="bbox 223 883 1370 966; baseline 0.002 -20"><span class='ocrx_word' id='word_1_20' title='bbox 223 883 321 960; x_wconf 87' lang='lat' dir='ltr'><strong>urbis,</strong></span> <span class='ocrx_word' id='word_1_21' title='bbox 355 883 388 947; x_wconf 92' lang='lat' dir='ltr'><strong>id</strong></span> <span class='ocrx_word' id='word_1_22' title='bbox 419 883 546 948; x_wconf 90' lang='lat' dir='ltr'><strong>fauente</strong></span> <span class='ocrx_word' id='word_1_23' title='bbox 579 884 638 949; x_wconf 91' lang='lat' dir='ltr'><strong>deo</strong></span> <span class='ocrx_word' id='word_1_24' title='bbox 676 886 822 948; x_wconf 86' lang='lat' dir='ltr'><strong>seruetur</strong></span> <span class='ocrx_word' id='word_1_25' title='bbox 852 884 1026 961; x_wconf 87' lang='lat' dir='ltr'><strong>immobile,</strong></span> <span class='ocrx_word' id='word_1_26' title='bbox 1060 884 1135 966; x_wconf 88' lang='lat' dir='ltr'><strong>quin</strong></span> <span class='ocrx_word' id='word_1_27' title='bbox 1169 886 1206 948; x_wconf 89' lang='lat' dir='ltr'><strong>et</strong></span> <span class='ocrx_word' id='word_1_28' title='bbox 1232 884 1264 947; x_wconf 89' lang='lat' dir='ltr'><strong>in</strong></span> <span class='ocrx_word' id='word_1_29' title='bbox 1297 884 1370 949; x_wconf 88' lang='lat' dir='ltr'><strong>aliis</strong></span> 
     </span>
     <span class='ocr_line' id='line_1_5' title="bbox 223 988 1371 1073; baseline -0.002 -18"><span class='ocrx_word' id='word_1_30' title='bbox 223 990 441 1073; x_wconf 77' lang='lat' dir='ltr'><strong>compluribus</strong></span> <span class='ocrx_word' id='word_1_31' title='bbox 479 991 666 1055; x_wconf 87' lang='lat' dir='ltr'><strong>ciuitatibus</strong></span> <span class='ocrx_word' id='word_1_32' title='bbox 702 992 836 1073; x_wconf 89' lang='lat' dir='ltr'><strong>probata</strong></span> <span class='ocrx_word' id='word_1_33' title='bbox 869 990 912 1055; x_wconf 90' lang='lat' dir='ltr'><strong>sit</strong></span> <span class='ocrx_word' id='word_1_34' title='bbox 944 995 1051 1055; x_wconf 88' lang='lat' dir='ltr'><strong>nestra</strong></span> <span class='ocrx_word' id='word_1_35' title='bbox 1087 988 1241 1055; x_wconf 91' lang='lat' dir='ltr'><strong>ordinatio</strong></span> <span class='ocrx_word' id='word_1_36' title='bbox 1275 993 1371 1071; x_wconf 89' lang='lat' dir='ltr'><strong>atque</strong></span> 
     </span>
     <span class='ocr_line' id='line_1_6' title="bbox 222 1096 1417 1181; baseline -0.006 -18"><span class='ocrx_word' id='word_1_37' title='bbox 222 1101 381 1181; x_wconf 80' lang='lat' dir='ltr'><strong>suscepta,</strong></span> <span class='ocrx_word' id='word_1_38' title='bbox 394 1101 515 1162; x_wconf 90' lang='lat' dir='ltr'><strong>ceterae</strong></span> <span class='ocrx_word' id='word_1_39' title='bbox 526 1117 600 1163; x_wconf 90' lang='lat' dir='ltr'><strong>uero</strong></span> <span class='ocrx_word' id='word_1_40' title='bbox 617 1099 820 1163; x_wconf 88' lang='lat' dir='ltr'><strong>clementiore</strong></span> <span class='ocrx_word' id='word_1_41' title='bbox 831 1097 968 1179; x_wconf 91' lang='lat' dir='ltr'><strong>quodam</strong></span> <span class='ocrx_word' id='word_1_42' title='bbox 982 1097 1146 1181; x_wconf 89' lang='lat' dir='ltr'><strong>indigeant</strong></span> <span class='ocrx_word' id='word_1_43' title='bbox 1154 1096 1372 1160; x_wconf 89' lang='lat' dir='ltr'><strong>moderamine</strong></span> <span class='ocrx_word' id='word_1_44' title='bbox 1404 1119 1417 1155; x_wconf 79' lang='lat' dir='ltr'><strong>s</strong></span> 
     </span>
     <span class='ocr_line' id='line_1_7' title="bbox 221 1202 1370 1287; baseline -0.003 -19"><span class='ocrx_word' id='word_1_45' title='bbox 221 1205 254 1269; x_wconf 90' lang='lat' dir='ltr'><strong>in</strong></span> <span class='ocrx_word' id='word_1_46' title='bbox 278 1204 459 1269; x_wconf 88' lang='lat' dir='ltr'><strong>nominibus</strong></span> <span class='ocrx_word' id='word_1_47' title='bbox 484 1205 672 1281; x_wconf 82' lang='lat' dir='ltr'><strong>antistitum,</strong></span> <span class='ocrx_word' id='word_1_48' title='bbox 697 1224 758 1270; x_wconf 92' lang='lat' dir='ltr'><strong>non</strong></span> <span class='ocrx_word' id='word_1_49' title='bbox 784 1224 892 1270; x_wconf 89' lang='lat' dir='ltr'><strong>eorum</strong></span> <span class='ocrx_word' id='word_1_50' title='bbox 917 1205 972 1287; x_wconf 90' lang='lat' dir='ltr'><strong>qui</strong></span> <span class='ocrx_word' id='word_1_51' title='bbox 996 1204 1177 1286; x_wconf 81' lang='lat' dir='ltr'><strong>specialiter</strong></span> <span class='ocrx_word' id='word_1_52' title='bbox 1196 1202 1370 1267; x_wconf 89' lang='lat' dir='ltr'><strong>enumerati</strong></span> 
     </span>
     <span class='ocr_line' id='line_1_8' title="bbox 222 1309 1371 1394; baseline -0.003 -19"><span class='ocrx_word' id='word_1_53' title='bbox 222 1314 298 1376; x_wconf 90' lang='lat' dir='ltr'><strong>sunt</strong></span> <span class='ocrx_word' id='word_1_54' title='bbox 309 1312 341 1376; x_wconf 89' lang='lat' dir='ltr'><strong>in</strong></span> <span class='ocrx_word' id='word_1_55' title='bbox 357 1312 502 1394; x_wconf 82' lang='lat' dir='ltr'><strong>epistola,</strong></span> <span class='ocrx_word' id='word_1_56' title='bbox 523 1330 616 1393; x_wconf 90' lang='lat' dir='ltr'><strong>quam</strong></span> <span class='ocrx_word' id='word_1_57' title='bbox 637 1312 818 1377; x_wconf 76' lang='lat' dir='ltr'><strong>sanctitudo</strong></span> <span class='ocrx_word' id='word_1_58' title='bbox 837 1313 894 1375; x_wconf 90' lang='lat' dir='ltr'><strong>tua</strong></span> <span class='ocrx_word' id='word_1_59' title='bbox 911 1311 1002 1375; x_wconf 90' lang='lat' dir='ltr'><strong>nobis</strong></span> <span class='ocrx_word' id='word_1_60' title='bbox 1023 1310 1198 1374; x_wconf 83' lang='lat' dir='ltr'><strong>destinasse</strong></span> <span class='ocrx_word' id='word_1_61' title='bbox 1217 1309 1371 1387; x_wconf 86' lang='lat' dir='ltr'><strong>noscitur,</strong></span> 
     </span>
     <span class='ocr_line' id='line_1_9' title="bbox 222 1415 1371 1501; baseline -0.002 -18"><span class='ocrx_word' id='word_1_62' title='bbox 222 1419 279 1483; x_wconf 91' lang='lat' dir='ltr'><strong>sed</strong></span> <span class='ocrx_word' id='word_1_63' title='bbox 294 1420 427 1483; x_wconf 88' lang='lat' dir='ltr'><strong>aliorum</strong></span> <span class='ocrx_word' id='word_1_64' title='bbox 442 1438 577 1501; x_wconf 89' lang='lat' dir='ltr'><strong>quorum</strong></span> <span class='ocrx_word' id='word_1_65' title='bbox 592 1419 779 1484; x_wconf 89' lang='lat' dir='ltr'><strong>memoriam</strong></span> <span class='ocrx_word' id='word_1_66' title='bbox 793 1419 954 1490; x_wconf 84' lang='lat' dir='ltr'><strong>maxim&lt;e</strong></span> <span class='ocrx_word' id='word_1_67' title='bbox 970 1430 1045 1488; x_wconf 89' lang='lat' dir='ltr'><strong>e&gt;ae</strong></span> <span class='ocrx_word' id='word_1_68' title='bbox 1061 1418 1208 1482; x_wconf 88' lang='lat' dir='ltr'><strong>ciuitates</strong></span> <span class='ocrx_word' id='word_1_69' title='bbox 1220 1415 1371 1499; x_wconf 89' lang='lat' dir='ltr'><strong>diligunt,</strong></span> 
     </span>
    </p>

    <p class='ocr_par' dir='ltr' id='par_1_3' title="bbox 178 1522 1421 1928">
     <span class='ocr_line' id='line_1_10' title="bbox 178 1522 1372 1607; baseline 0.002 -22"><span class='ocrx_word' id='word_1_70' title='bbox 178 1524 199 1585; x_wconf 86' lang='grc'>4</span> <span class='ocrx_word' id='word_1_71' title='bbox 222 1525 253 1588; x_wconf 92' lang='lat' dir='ltr'><strong>in</strong></span> <span class='ocrx_word' id='word_1_72' title='bbox 274 1525 391 1607; x_wconf 88' lang='lat' dir='ltr'><strong>quibus</strong></span> <span class='ocrx_word' id='word_1_73' title='bbox 405 1524 552 1589; x_wconf 88' lang='lat' dir='ltr'><strong>floruisse</strong></span> <span class='ocrx_word' id='word_1_74' title='bbox 570 1529 745 1591; x_wconf 88' lang='lat' dir='ltr'><strong>noscuntur·</strong></span> <span class='ocrx_word' id='word_1_75' title='bbox 760 1526 959 1607; x_wconf 69' lang='lat' dir='ltr'><strong>superstites.</strong></span> <span class='ocrx_word' id='word_1_76' title='bbox 1008 1544 1102 1607; x_wconf 91' lang='lat' dir='ltr'><strong>quam</strong></span> <span class='ocrx_word' id='word_1_77' title='bbox 1118 1525 1156 1589; x_wconf 94' lang='lat' dir='ltr'><strong>ob</strong></span> <span class='ocrx_word' id='word_1_78' title='bbox 1171 1543 1238 1588; x_wconf 92' lang='lat' dir='ltr'><strong>rom</strong></span> <span class='ocrx_word' id='word_1_79' title='bbox 1252 1522 1372 1605; x_wconf 87' lang='lat' dir='ltr'><strong>legatis</strong></span> 
     </span>
     <span class='ocr_line' id='line_1_11' title="bbox 223 1630 1421 1714; baseline -0.003 -18"><span class='ocrx_word' id='word_1_80' title='bbox 223 1631 351 1714; x_wconf 90' lang='lat' dir='ltr'><strong>quidem</strong></span> <span class='ocrx_word' id='word_1_81' title='bbox 376 1636 450 1697; x_wconf 87' lang='lat' dir='ltr'><strong>tuae</strong></span> <span class='ocrx_word' id='word_1_82' title='bbox 476 1632 698 1696; x_wconf 83' lang='lat' dir='ltr'><strong>sanctitudinis</strong></span> <span class='ocrx_word' id='word_1_83' title='bbox 723 1632 812 1697; x_wconf 89' lang='lat' dir='ltr'><strong>nulla</strong></span> <span class='ocrx_word' id='word_1_84' title='bbox 834 1632 897 1696; x_wconf 85' lang='lat' dir='ltr'><strong>fnit</strong></span> <span class='ocrx_word' id='word_1_85' title='bbox 918 1632 1048 1697; x_wconf 90' lang='lat' dir='ltr'><strong>licentia</strong></span> <span class='ocrx_word' id='word_1_86' title='bbox 1070 1630 1210 1695; x_wconf 89' lang='lat' dir='ltr'><strong>mandati</strong></span> <span class='ocrx_word' id='word_1_87' title='bbox 1229 1633 1373 1695; x_wconf 88' lang='lat' dir='ltr'><strong>tenorem</strong></span> <span class='ocrx_word' id='word_1_88' title='bbox 1394 1656 1421 1695; x_wconf 79' lang='grc' dir='ltr'><strong>ιο</strong></span> 
     </span>
     <span class='ocr_line' id='line_1_12' title="bbox 222 1736 1375 1821; baseline -0.002 -18"><span class='ocrx_word' id='word_1_89' title='bbox 222 1738 411 1821; x_wconf 80' lang='lat' dir='ltr'><strong>egrediendi,</strong></span> <span class='ocrx_word' id='word_1_90' title='bbox 442 1758 515 1803; x_wconf 90' lang='lat' dir='ltr'><strong>cum</strong></span> <span class='ocrx_word' id='word_1_91' title='bbox 540 1757 602 1821; x_wconf 87' lang='lat' dir='ltr'><strong>quo</strong></span> <span class='ocrx_word' id='word_1_92' title='bbox 631 1739 743 1803; x_wconf 89' lang='lat' dir='ltr'><strong>directi</strong></span> <span class='ocrx_word' id='word_1_93' title='bbox 767 1744 857 1815; x_wconf 91' lang='lat' dir='ltr'><strong>sunt;</strong></span> <span class='ocrx_word' id='word_1_94' title='bbox 887 1740 990 1803; x_wconf 91' lang='lat' dir='ltr'><strong>omnis</strong></span> <span class='ocrx_word' id='word_1_95' title='bbox 1019 1742 1125 1803; x_wconf 90' lang='lat' dir='ltr'><strong>autem</strong></span> <span class='ocrx_word' id='word_1_96' title='bbox 1149 1736 1221 1801; x_wconf 87' lang='lat' dir='ltr'><strong>finis</strong></span> <span class='ocrx_word' id='word_1_97' title='bbox 1248 1736 1375 1821; x_wconf 90' lang='lat' dir='ltr'><strong>negotii</strong></span> 
     </span>
     <span class='ocr_line' id='line_1_13' title="bbox 221 1842 1374 1928; baseline -0.002 -19"><span class='ocrx_word' id='word_1_98' title='bbox 221 1848 328 1910; x_wconf 88' lang='lat' dir='ltr'><strong>uestro</strong></span> <span class='ocrx_word' id='word_1_99' title='bbox 351 1846 416 1909; x_wconf 90' lang='lat' dir='ltr'><strong>iam</strong></span> <span class='ocrx_word' id='word_1_100' title='bbox 439 1849 564 1909; x_wconf 90' lang='lat' dir='ltr'><strong>tantum</strong></span> <span class='ocrx_word' id='word_1_101' title='bbox 587 1844 704 1928; x_wconf 88' lang='lat' dir='ltr'><strong>pendet</strong></span> <span class='ocrx_word' id='word_1_102' title='bbox 722 1845 862 1920; x_wconf 74' lang='lat' dir='ltr'><strong>arbitrio,</strong></span> <span class='ocrx_word' id='word_1_103' title='bbox 883 1848 921 1909; x_wconf 91' lang='lat' dir='ltr'><strong>ut</strong></span> <span class='ocrx_word' id='word_1_104' title='bbox 944 1846 1032 1909; x_wconf 90' lang='lat' dir='ltr'><strong>solus</strong></span> <span class='ocrx_word' id='word_1_105' title='bbox 1052 1864 1162 1927; x_wconf 87' lang='lat' dir='ltr'><strong>pacem</strong></span> <span class='ocrx_word' id='word_1_106' title='bbox 1182 1842 1374 1908; x_wconf 87' lang='lat' dir='ltr'><strong>concludere</strong></span> 
     </span>
    </p>

    <p class='ocr_par' dir='ltr' id='par_1_4' title="bbox 178 1942 1426 2765">
     <span class='ocr_line' id='line_1_14' title="bbox 178 1942 1373 2034; baseline -0.005 -13"><span class='ocrx_word' id='word_1_107' title='bbox 178 1960 196 2021; x_wconf 93' lang='lat'>5</span> <span class='ocrx_word' id='word_1_108' title='bbox 222 1951 344 2029; x_wconf 88' lang='lat' dir='ltr'><strong>debeat,</strong></span> <span class='ocrx_word' id='word_1_109' title='bbox 369 1951 424 2033; x_wconf 88' lang='lat' dir='ltr'><strong>qui</strong></span> <span class='ocrx_word' id='word_1_110' title='bbox 447 1951 548 2034; x_wconf 88' lang='lat' dir='ltr'><strong>prima</strong></span> <span class='ocrx_word' id='word_1_111' title='bbox 569 1952 617 2015; x_wconf 88' lang='lat' dir='ltr'><strong>rei</strong></span> <span class='ocrx_word' id='word_1_112' title='bbox 640 1951 816 2016; x_wconf 90' lang='lat' dir='ltr'><strong>commouit</strong></span> <span class='ocrx_word' id='word_1_113' title='bbox 839 1950 975 2017; x_wconf 83' lang='lat' dir='ltr'><strong>exordia.</strong></span> <span class='ocrx_word' id='word_1_114' title='bbox 1022 1951 1077 2015; x_wconf 91' lang='lat' dir='ltr'><strong>sed</strong></span> <span class='ocrx_word' id='word_1_115' title='bbox 1102 1970 1138 2014; x_wconf 91' lang='lat' dir='ltr'><strong>ea</strong></span> <span class='ocrx_word' id='word_1_116' title='bbox 1161 1942 1373 2032; x_wconf 82' lang='lat' dir='ltr'><strong>quidem&#39;nec</strong></span> 
     </span>
     <span class='ocr_line' id='line_1_15' title="bbox 220 2057 1374 2142; baseline -0.001 -21"><span class='ocrx_word' id='word_1_117' title='bbox 220 2077 280 2123; x_wconf 90' lang='lat' dir='ltr'><strong>non</strong></span> <span class='ocrx_word' id='word_1_118' title='bbox 295 2058 448 2142; x_wconf 90' lang='lat' dir='ltr'><strong>quaedam</strong></span> <span class='ocrx_word' id='word_1_119' title='bbox 464 2057 799 2123; x_wconf 86' lang='lat' dir='ltr'><strong>commemorabuntur</strong></span> <span class='ocrx_word' id='word_1_120' title='bbox 818 2058 958 2140; x_wconf 86' lang='lat' dir='ltr'><strong>apertius</strong></span> <span class='ocrx_word' id='word_1_121' title='bbox 978 2077 1032 2139; x_wconf 91' lang='lat' dir='ltr'><strong>per</strong></span> <span class='ocrx_word' id='word_1_122' title='bbox 1051 2058 1195 2141; x_wconf 90' lang='lat' dir='ltr'><strong>legatum</strong></span> <span class='ocrx_word' id='word_1_123' title='bbox 1213 2060 1374 2134; x_wconf 84' lang='lat' dir='ltr'><strong>nostrum,</strong></span> 
     </span>
     <span class='ocr_line' id='line_1_16' title="bbox 221 2162 1426 2246; baseline 0 -19"><span class='ocrx_word' id='word_1_124' title='bbox 221 2164 276 2246; x_wconf 91' lang='lat' dir='ltr'><strong>qni</strong></span> <span class='ocrx_word' id='word_1_125' title='bbox 306 2165 402 2245; x_wconf 91' lang='lat' dir='ltr'><strong>paulo</strong></span> <span class='ocrx_word' id='word_1_126' title='bbox 435 2168 511 2246; x_wconf 92' lang='lat' dir='ltr'><strong>post</strong></span> <span class='ocrx_word' id='word_1_127' title='bbox 542 2164 768 2241; x_wconf 82' lang='lat' dir='ltr'><strong>destinabitnr3</strong></span> <span class='ocrx_word' id='word_1_128' title='bbox 797 2164 829 2229; x_wconf 91' lang='lat' dir='ltr'><strong>in</strong></span> <span class='ocrx_word' id='word_1_129' title='bbox 862 2164 1020 2245; x_wconf 86' lang='lat' dir='ltr'><strong>praesenti</strong></span> <span class='ocrx_word' id='word_1_130' title='bbox 1053 2184 1128 2229; x_wconf 90' lang='lat' dir='ltr'><strong>uero</strong></span> <span class='ocrx_word' id='word_1_131' title='bbox 1161 2162 1376 2227; x_wconf 89' lang='lat' dir='ltr'><strong>redeuntibus</strong></span> <span class='ocrx_word' id='word_1_132' title='bbox 1399 2188 1426 2227; x_wconf 64' lang='grc' dir='ltr'><strong>ιι</strong></span> 
     </span>
     <span class='ocr_line' id='line_1_17' title="bbox 220 2270 1377 2355; baseline 0.001 -22"><span class='ocrx_word' id='word_1_133' title='bbox 220 2271 299 2334; x_wconf 91' lang='lat' dir='ltr'><strong>uiris</strong></span> <span class='ocrx_word' id='word_1_134' title='bbox 335 2270 587 2354; x_wconf 86' lang='lat' dir='ltr'><strong>religiosissimis</strong></span> <span class='ocrx_word' id='word_1_135' title='bbox 624 2274 691 2334; x_wconf 88' lang='lat' dir='ltr'><strong>tam</strong></span> <span class='ocrx_word' id='word_1_136' title='bbox 723 2270 942 2355; x_wconf 89' lang='lat' dir='ltr'><strong>appellandam</strong></span> <span class='ocrx_word' id='word_1_137' title='bbox 981 2272 1123 2335; x_wconf 90' lang='lat' dir='ltr'><strong>uestram</strong></span> <span class='ocrx_word' id='word_1_138' title='bbox 1158 2270 1377 2335; x_wconf 86' lang='lat' dir='ltr'><strong>reuerentiam</strong></span> 
     </span>
     <span class='ocr_line' id='line_1_18' title="bbox 222 2376 1377 2460; baseline 0.002 -20"><span class='ocrx_word' id='word_1_139' title='bbox 222 2377 414 2441; x_wconf 87' lang='lat' dir='ltr'><strong>credidimus</strong></span> <span class='ocrx_word' id='word_1_140' title='bbox 454 2398 548 2460; x_wconf 90' lang='lat' dir='ltr'><strong>quam</strong></span> <span class='ocrx_word' id='word_1_141' title='bbox 590 2378 861 2455; x_wconf 87' lang='lat' dir='ltr'><strong>commonendam,</strong></span> <span class='ocrx_word' id='word_1_142' title='bbox 898 2383 936 2442; x_wconf 91' lang='lat' dir='ltr'><strong>ut</strong></span> <span class='ocrx_word' id='word_1_143' title='bbox 973 2378 1040 2443; x_wconf 88' lang='lat' dir='ltr'><strong>suis</strong></span> <span class='ocrx_word' id='word_1_144' title='bbox 1078 2376 1275 2443; x_wconf 91' lang='lat' dir='ltr'><strong>orationibus</strong></span> <span class='ocrx_word' id='word_1_145' title='bbox 1313 2396 1377 2459; x_wconf 84' lang='lat' dir='ltr'><strong>pro</strong></span> 
     </span>
     <span class='ocr_line' id='line_1_19' title="bbox 221 2482 1376 2568; baseline -0.002 -20"><span class='ocrx_word' id='word_1_146' title='bbox 221 2488 329 2549; x_wconf 89' lang='lat' dir='ltr'><strong>nostro</strong></span> <span class='ocrx_word' id='word_1_147' title='bbox 367 2488 476 2549; x_wconf 88' lang='lat' dir='ltr'><strong>utatur</strong></span> <span class='ocrx_word' id='word_1_148' title='bbox 507 2484 638 2568; x_wconf 92' lang='lat' dir='ltr'><strong>imperio</strong></span> <span class='ocrx_word' id='word_1_149' title='bbox 676 2505 795 2568; x_wconf 90' lang='lat' dir='ltr'><strong>proque</strong></span> <span class='ocrx_word' id='word_1_150' title='bbox 828 2485 980 2552; x_wconf 90' lang='lat' dir='ltr'><strong>incolomi</strong></span> <span class='ocrx_word' id='word_1_151' title='bbox 1013 2486 1099 2550; x_wconf 85' lang='lat' dir='ltr'><strong>statu</strong></span> <span class='ocrx_word' id='word_1_152' title='bbox 1132 2484 1177 2550; x_wconf 87' lang='lat' dir='ltr'><strong>rei</strong></span> <span class='ocrx_word' id='word_1_153' title='bbox 1208 2482 1376 2566; x_wconf 90' lang='lat' dir='ltr'><strong>publicae.</strong></span> 
     </span>
     <span class='ocr_line' id='line_1_20' title="bbox 220 2590 1376 2674; baseline 0 -20"><span class='ocrx_word' id='word_1_154' title='bbox 220 2590 304 2655; x_wconf 87' lang='lat' dir='ltr'><strong>Data</strong></span> <span class='ocrx_word' id='word_1_155' title='bbox 338 2590 411 2658; x_wconf 80' lang='lat' dir='ltr'><strong>Vll,</strong></span> <span class='ocrx_word' id='word_1_156' title='bbox 448 2591 524 2656; x_wconf 92' lang='lat' dir='ltr'><strong>Idus</strong></span> <span class='ocrx_word' id='word_1_157' title='bbox 556 2593 617 2657; x_wconf 92' lang='lat' dir='ltr'><strong>lul.</strong></span> <span class='ocrx_word' id='word_1_158' title='bbox 657 2592 928 2674; x_wconf 81' lang='lat' dir='ltr'><strong>Constantinopoli</strong></span> <span class='ocrx_word' id='word_1_159' title='bbox 967 2592 1124 2657; x_wconf 86' lang='lat' dir='ltr'><strong>Uitaliano</strong></span> <span class='ocrx_word' id='word_1_160' title='bbox 1159 2593 1191 2655; x_wconf 89' lang='lat' dir='ltr'><strong>et</strong></span> <span class='ocrx_word' id='word_1_161' title='bbox 1222 2590 1376 2654; x_wconf 88' lang='lat' dir='ltr'><strong>Rusticio</strong></span> 
     </span>
     <span class='ocr_line' id='line_1_21' title="bbox 221 2717 1426 2765; baseline 0.002 -3"><span class='ocrx_word' id='word_1_162' title='bbox 221 2717 325 2764; x_wconf 89' lang='lat' dir='ltr'><strong>conss.</strong></span> <span class='ocrx_word' id='word_1_163' title='bbox 1397 2725 1426 2765; x_wconf 78' lang='lat' dir='ltr'><strong>so</strong></span> 
     </span>
    </p>
   </div>
   <div class='ocr_carea' id='block_1_3' title="bbox 219 2885 1430 3848">
    <p class='ocr_par' dir='ltr' id='par_1_5' title="bbox 738 2885 846 2976">
     <span class='ocr_line' id='line_1_22' title="bbox 738 2885 846 2976; baseline 0.009 -20"><span class='ocrx_word' id='word_1_164' title='bbox 738 2885 846 2976; x_wconf 71' lang='lat' dir='ltr'><strong>(loa)</strong></span> 
     </span>
    </p>

    <p class='ocr_par' dir='ltr' id='par_1_6' title="bbox 219 3013 1430 3848">
     <span class='ocr_line' id='line_1_23' title="bbox 265 3013 1378 3081; baseline 0.002 -4"><span class='ocrx_word' id='word_1_165' title='bbox 265 3033 408 3078; x_wconf 80' lang='lat' dir='ltr'><strong>rnsnrsns</strong></span> <span class='ocrx_word' id='word_1_166' title='bbox 431 3035 592 3080; x_wconf 77' lang='lat' dir='ltr'><strong>ncccsrus</strong></span> <span class='ocrx_word' id='word_1_167' title='bbox 616 3036 792 3081; x_wconf 81' lang='lat' dir='ltr'><strong>nonmscna</strong></span> <span class='ocrx_word' id='word_1_168' title='bbox 816 3035 934 3080; x_wconf 72' lang='lat' dir='ltr'><strong>sarrs.</strong></span> <span class='ocrx_word' id='word_1_169' title='bbox 982 3015 1061 3081; x_wconf 85' lang='lat' dir='ltr'><strong>Cum</strong></span> <span class='ocrx_word' id='word_1_170' title='bbox 1086 3015 1117 3078; x_wconf 92' lang='lat' dir='ltr'><strong>in</strong></span> <span class='ocrx_word' id='word_1_171' title='bbox 1142 3013 1244 3079; x_wconf 76' lang='lat' dir='ltr'><strong>aninlo</strong></span> <span class='ocrx_word' id='word_1_172' title='bbox 1275 3015 1378 3079; x_wconf 89' lang='lat' dir='ltr'><strong>nobis</strong></span> 
     </span>
     <span class='ocr_line' id='line_1_24' title="bbox 221 3122 1378 3206; baseline 0.003 -22"><span class='ocrx_word' id='word_1_173' title='bbox 221 3122 273 3198; x_wconf 87' lang='lat' dir='ltr'><strong>sit,</strong></span> <span class='ocrx_word' id='word_1_174' title='bbox 297 3124 387 3204; x_wconf 88' lang='lat' dir='ltr'><strong>pater·</strong></span> <span class='ocrx_word' id='word_1_175' title='bbox 409 3122 659 3206; x_wconf 85' lang='lat' dir='ltr'><strong>religiosissime,</strong></span> <span class='ocrx_word' id='word_1_176' title='bbox 685 3128 721 3189; x_wconf 91' lang='lat' dir='ltr'><strong>nt</strong></span> <span class='ocrx_word' id='word_1_177' title='bbox 743 3125 776 3188; x_wconf 89' lang='lat' dir='ltr'><strong>in</strong></span> <span class='ocrx_word' id='word_1_178' title='bbox 800 3125 885 3188; x_wconf 92' lang='lat' dir='ltr'><strong>omni</strong></span> <span class='ocrx_word' id='word_1_179' title='bbox 903 3143 936 3188; x_wconf 90' lang='lat' dir='ltr'><strong>re</strong></span> <span class='ocrx_word' id='word_1_180' title='bbox 955 3128 1064 3188; x_wconf 89' lang='lat' dir='ltr'><strong>nostra</strong></span> <span class='ocrx_word' id='word_1_181' title='bbox 1081 3124 1165 3187; x_wconf 87' lang='lat' dir='ltr'><strong>inter</strong></span> <span class='ocrx_word' id='word_1_182' title='bbox 1184 3142 1218 3187; x_wconf 89' lang='lat' dir='ltr'><strong>se</strong></span> <span class='ocrx_word' id='word_1_183' title='bbox 1237 3141 1378 3188; x_wconf 88' lang='lat' dir='ltr'><strong>concur-</strong></span> 
     </span>
     <span class='ocr_line' id='line_1_25' title="bbox 220 3229 1379 3314; baseline 0.005 -23"><span class='ocrx_word' id='word_1_184' title='bbox 220 3230 291 3292; x_wconf 92' lang='lat' dir='ltr'><strong>rant</strong></span> <span class='ocrx_word' id='word_1_185' title='bbox 322 3229 463 3307; x_wconf 74' lang='lat' dir='ltr'><strong>consilia</strong></span> <span class='ocrx_word' id='word_1_186' title='bbox 492 3233 561 3293; x_wconf 86' lang='lat' dir='ltr'><strong>tum</strong></span> <span class='ocrx_word' id='word_1_187' title='bbox 588 3233 621 3294; x_wconf 91' lang='lat' dir='ltr'><strong>et</strong></span> <span class='ocrx_word' id='word_1_188' title='bbox 649 3232 680 3294; x_wconf 94' lang='lat' dir='ltr'><strong>in</strong></span> <span class='ocrx_word' id='word_1_189' title='bbox 707 3231 803 3295; x_wconf 88' lang='lat' dir='ltr'><strong>Helia</strong></span> <span class='ocrx_word' id='word_1_190' title='bbox 829 3231 898 3295; x_wconf 89' lang='lat' dir='ltr'><strong>uiro</strong></span> <span class='ocrx_word' id='word_1_191' title='bbox 926 3230 1184 3296; x_wconf 86' lang='lat' dir='ltr'><strong>reuerentissimo</strong></span> <span class='ocrx_word' id='word_1_192' title='bbox 1216 3231 1379 3314; x_wconf 92' lang='lat' dir='ltr'><strong>episcopo</strong></span> 
     </span>
     <span class='ocr_line' id='line_1_26' title="bbox 219 3335 1430 3421; baseline 0.009 -24"><span class='ocrx_word' id='word_1_193' title='bbox 219 3335 253 3398; x_wconf 95' lang='lat' dir='ltr'><strong>id</strong></span> <span class='ocrx_word' id='word_1_194' title='bbox 276 3335 534 3400; x_wconf 86' lang='lat' dir='ltr'><strong>constituendum</strong></span> <span class='ocrx_word' id='word_1_195' title='bbox 557 3337 714 3402; x_wconf 90' lang='lat' dir='ltr'><strong>credimus</strong></span> <span class='ocrx_word' id='word_1_196' title='bbox 732 3337 847 3421; x_wconf 87' lang='lat' dir='ltr'><strong>legalis</strong></span> <span class='ocrx_word' id='word_1_197' title='bbox 867 3336 1109 3403; x_wconf 88' lang='lat' dir='ltr'><strong>admonentibus</strong></span> <span class='ocrx_word' id='word_1_198' title='bbox 1129 3337 1257 3412; x_wconf 80' lang='lat' dir='ltr'><strong>uestris,</strong></span> <span class='ocrx_word' id='word_1_199' title='bbox 1283 3339 1380 3420; x_wconf 91' lang='lat' dir='ltr'><strong>quod</strong></span> <span class='ocrx_word' id='word_1_200' title='bbox 1401 3369 1430 3408; x_wconf 75' lang='lat' dir='ltr'><strong>aa</strong></span> 
     </span>
     <span class='ocr_line' id='line_1_27' title="bbox 219 3441 1379 3526; baseline 0.003 -20"><span class='ocrx_word' id='word_1_201' title='bbox 219 3441 301 3506; x_wconf 90' lang='lat' dir='ltr'><strong>inter</strong></span> <span class='ocrx_word' id='word_1_202' title='bbox 323 3443 428 3506; x_wconf 87' lang='lat' dir='ltr'><strong>uarias</strong></span> <span class='ocrx_word' id='word_1_203' title='bbox 452 3447 603 3526; x_wconf 88' lang='lat' dir='ltr'><strong>utrasque</strong></span> <span class='ocrx_word' id='word_1_204' title='bbox 627 3444 765 3509; x_wconf 87' lang='lat' dir='ltr'><strong>rationes</strong></span> <span class='ocrx_word' id='word_1_205' title='bbox 790 3443 967 3526; x_wconf 82' lang='lat' dir='ltr'><strong>expeditius</strong></span> <span class='ocrx_word' id='word_1_206' title='bbox 992 3463 1061 3508; x_wconf 89' lang='lat' dir='ltr'><strong>esse</strong></span> <span class='ocrx_word' id='word_1_207' title='bbox 1081 3448 1289 3526; x_wconf 88' lang='lat' dir='ltr'><strong>perspectum</strong></span> <span class='ocrx_word' id='word_1_208' title='bbox 1310 3448 1379 3510; x_wconf 88' lang='lat' dir='ltr'><strong>est.</strong></span> 
     </span>
     <span class='ocr_line' id='line_1_28' title="bbox 220 3550 1382 3631; baseline 0.003 -18"><span class='ocrx_word' id='word_1_209' title='bbox 220 3568 292 3613; x_wconf 90' lang='lat' dir='ltr'><strong>nam</strong></span> <span class='ocrx_word' id='word_1_210' title='bbox 325 3551 358 3612; x_wconf 91' lang='lat' dir='ltr'><strong>et</strong></span> <span class='ocrx_word' id='word_1_211' title='bbox 388 3550 419 3613; x_wconf 90' lang='lat' dir='ltr'><strong>in</strong></span> <span class='ocrx_word' id='word_1_212' title='bbox 452 3550 610 3631; x_wconf 89' lang='lat' dir='ltr'><strong>praesenti</strong></span> <span class='ocrx_word' id='word_1_213' title='bbox 645 3550 829 3631; x_wconf 86' lang='lat' dir='ltr'><strong>pontificem</strong></span> <span class='ocrx_word' id='word_1_214' title='bbox 869 3550 1122 3616; x_wconf 70' lang='lat' dir='ltr'><strong>caesariensium</strong></span> <span class='ocrx_word' id='word_1_215' title='bbox 1155 3550 1242 3615; x_wconf 89' lang='lat' dir='ltr'><strong>urbis</strong></span> <span class='ocrx_word' id='word_1_216' title='bbox 1276 3551 1382 3617; x_wconf 80' lang='lat' dir='ltr'><strong>fauor</strong></span> 
     </span>
     <span class='ocr_line' id='line_1_29' title="bbox 219 3656 1380 3740; baseline 0.006 -22"><span class='ocrx_word' id='word_1_217' title='bbox 219 3656 343 3719; x_wconf 88' lang='lat' dir='ltr'><strong>tutatur</strong></span> <span class='ocrx_word' id='word_1_218' title='bbox 370 3657 523 3732; x_wconf 81' lang='lat' dir='ltr'><strong>omnium,</strong></span> <span class='ocrx_word' id='word_1_219' title='bbox 557 3675 651 3738; x_wconf 91' lang='lat' dir='ltr'><strong>quem</strong></span> <span class='ocrx_word' id='word_1_220' title='bbox 679 3657 719 3722; x_wconf 89' lang='lat' dir='ltr'><strong>ob</strong></span> <span class='ocrx_word' id='word_1_221' title='bbox 747 3657 897 3722; x_wconf 88' lang='lat' dir='ltr'><strong>instituta</strong></span> <span class='ocrx_word' id='word_1_222' title='bbox 928 3657 1142 3740; x_wconf 87' lang='lat' dir='ltr'><strong>pulcherrima</strong></span> <span class='ocrx_word' id='word_1_223' title='bbox 1169 3676 1230 3721; x_wconf 91' lang='lat' dir='ltr'><strong>non</strong></span> <span class='ocrx_word' id='word_1_224' title='bbox 1261 3659 1380 3725; x_wconf 89' lang='lat' dir='ltr'><strong>solum</strong></span> 
     </span>
     <span class='ocr_line' id='line_1_30' title="bbox 219 3761 1381 3848; baseline 0.008 -25"><span class='ocrx_word' id='word_1_225' title='bbox 219 3761 341 3824; x_wconf 82' lang='lat' dir='ltr'><strong>incolae</strong></span> <span class='ocrx_word' id='word_1_226' title='bbox 365 3762 562 3827; x_wconf 89' lang='lat' dir='ltr'><strong>ualidissime</strong></span> <span class='ocrx_word' id='word_1_227' title='bbox 585 3763 782 3827; x_wconf 90' lang='lat' dir='ltr'><strong>retinendum</strong></span> <span class='ocrx_word' id='word_1_228' title='bbox 808 3763 1001 3828; x_wconf 90' lang='lat' dir='ltr'><strong>arbitrantur</strong></span> <span class='ocrx_word' id='word_1_229' title='bbox 1024 3764 1082 3828; x_wconf 89' lang='lat' dir='ltr'><strong>sed</strong></span> <span class='ocrx_word' id='word_1_230' title='bbox 1104 3783 1200 3848; x_wconf 92' lang='lat' dir='ltr'><strong>prope</strong></span> <span class='ocrx_word' id='word_1_231' title='bbox 1229 3769 1381 3832; x_wconf 87' lang='lat' dir='ltr'><strong>cunctus</strong></span> 
     </span>
    </p>
   </div>
   <div class='ocr_carea' id='block_1_4' title="bbox 217 4029 1385 4470">
    <p class='ocr_par' dir='ltr' id='par_1_7' title="bbox 217 4029 1382 4189">
     <span class='ocr_line' id='line_1_31' title="bbox 254 4029 1382 4106; baseline 0.01 -23"><span class='ocrx_word' id='word_1_232' title='bbox 254 4032 398 4083; x_wconf 74' lang='lat' dir='ltr'><strong>scaelera</strong></span> <span class='ocrx_word' id='word_1_233' title='bbox 420 4029 576 4092; x_wconf 80' lang='lat' dir='ltr'><strong>V,&#39;correxi</strong></span> <span class='ocrx_word' id='word_1_234' title='bbox 665 4031 682 4085; x_wconf 91' lang='lat'>8</span> <span class='ocrx_word' id='word_1_235' title='bbox 704 4032 818 4085; x_wconf 79' lang='lat' dir='ltr'><strong>maxime</strong></span> <span class='ocrx_word' id='word_1_236' title='bbox 843 4049 890 4085; x_wconf 87' lang='lat' dir='ltr'><strong>eae</strong></span> <span class='ocrx_word' id='word_1_237' title='bbox 908 4034 1022 4102; x_wconf 75' lang='lat' dir='ltr'><strong>acrrpsi:</strong></span> <span class='ocrx_word' id='word_1_238' title='bbox 1045 4036 1158 4106; x_wconf 66' lang='lat' dir='ltr'><strong>maxime</strong></span> <span class='ocrx_word' id='word_1_239' title='bbox 1182 4036 1213 4103; x_wconf 89' lang='lat' dir='ltr'><strong>V,</strong></span> <span class='ocrx_word' id='word_1_240' title='bbox 1232 4041 1382 4099; x_wconf 76' lang='lat' dir='ltr'><strong>maximae</strong></span> 
     </span>
     <span class='ocr_line' id='line_1_32' title="bbox 217 4118 937 4189; baseline -0.001 -17"><span class='ocrx_word' id='word_1_241' title='bbox 217 4118 301 4187; x_wconf 65' lang='lat' dir='ltr'><strong>culpo</strong></span> <span class='ocrx_word' id='word_1_242' title='bbox 357 4119 390 4171; x_wconf 88' lang='lat'><strong>19</strong></span> <span class='ocrx_word' id='word_1_243' title='bbox 409 4120 579 4189; x_wconf 84' lang='lat' dir='ltr'><strong>constatinop</strong></span> <span class='ocrx_word' id='word_1_244' title='bbox 602 4119 627 4172; x_wconf 87' lang='lat' dir='ltr'><strong><em>V</em></strong></span> <span class='ocrx_word' id='word_1_245' title='bbox 696 4121 807 4174; x_wconf 82' lang='lat' dir='ltr'><strong>rustitio</strong></span> <span class='ocrx_word' id='word_1_246' title='bbox 826 4137 890 4174; x_wconf 90' lang='lat' dir='ltr'><strong>cons</strong></span> <span class='ocrx_word' id='word_1_247' title='bbox 916 4120 937 4171; x_wconf 93' lang='lat' dir='ltr'><em>V</em></span> 
     </span>
    </p>

    <p class='ocr_par' dir='ltr' id='par_1_8' title="bbox 217 4207 1385 4470">
     <span class='ocr_line' id='line_1_33' title="bbox 255 4207 1384 4291; baseline 0.012 -30"><span class='ocrx_word' id='word_1_248' title='bbox 255 4209 319 4261; x_wconf 78' lang='lat' dir='ltr'><strong>luo.</strong></span> <span class='ocrx_word' id='word_1_249' title='bbox 357 4207 424 4261; x_wconf 78' lang='lat' dir='ltr'><strong>Dar.</strong></span> <span class='ocrx_word' id='word_1_250' title='bbox 446 4227 472 4261; x_wconf 87' lang='lat' dir='ltr'><strong>a.</strong></span> <span class='ocrx_word' id='word_1_251' title='bbox 495 4211 554 4262; x_wconf 78' lang='lat'><strong>520</strong></span> <span class='ocrx_word' id='word_1_252' title='bbox 572 4209 732 4266; x_wconf 57' lang='lat' dir='ltr'><strong>difflua.</strong></span> <span class='ocrx_word' id='word_1_253' title='bbox 788 4209 861 4264; x_wconf 76' lang='lat' dir='ltr'><strong>Edu.</strong></span> <span class='ocrx_word' id='word_1_254' title='bbox 885 4209 949 4262; x_wconf 72' lang='lat' dir='ltr'><strong>Cor.</strong></span> <span class='ocrx_word' id='word_1_255' title='bbox 969 4209 999 4264; x_wconf 86' lang='lat'><strong>1²</strong></span> <span class='ocrx_word' id='word_1_256' title='bbox 1020 4213 1095 4277; x_wconf 64' lang='lat'><em>534;</em></span> <span class='ocrx_word' id='word_1_257' title='bbox 1116 4212 1223 4268; x_wconf 78' lang='lat' dir='ltr'><strong>Collect.</strong></span> <span class='ocrx_word' id='word_1_258' title='bbox 1245 4215 1384 4291; x_wconf 67' lang='lat' dir='ltr'><strong>Gemit,-</strong></span> 
     </span>
     <span class='ocr_line' id='line_1_34' title="bbox 222 4296 1385 4373; baseline 0.011 -23"><span class='ocrx_word' id='word_1_259' title='bbox 222 4296 300 4350; x_wconf 83' lang='lat' dir='ltr'><strong>Tlu&#39;el</strong></span> <span class='ocrx_word' id='word_1_260' title='bbox 321 4299 382 4351; x_wconf 79' lang='lat'><em>914.</em></span> <span class='ocrx_word' id='word_1_261' title='bbox 433 4298 467 4350; x_wconf 79' lang='lat'><strong>22</strong></span> <span class='ocrx_word' id='word_1_262' title='bbox 485 4297 654 4351; x_wconf 84' lang='lat' dir='ltr'><strong>lastinianus</strong></span> <span class='ocrx_word' id='word_1_263' title='bbox 673 4298 828 4368; x_wconf 77' lang='lat' dir='ltr'><strong>typothetae</strong></span> <span class='ocrx_word' id='word_1_264' title='bbox 846 4315 935 4352; x_wconf 81' lang='lat' dir='ltr'><strong>errore</strong></span> <span class='ocrx_word' id='word_1_265' title='bbox 959 4299 1022 4354; x_wconf 87' lang='lat' dir='ltr'><strong>Car.</strong></span> <span class='ocrx_word' id='word_1_266' title='bbox 1073 4304 1108 4355; x_wconf 70' lang='lat'><strong>‘26</strong></span> <span class='ocrx_word' id='word_1_267' title='bbox 1126 4303 1264 4373; x_wconf 88' lang='lat' dir='ltr'><strong>utrimque</strong></span> <span class='ocrx_word' id='word_1_268' title='bbox 1288 4309 1385 4370; x_wconf 59' lang='lat' dir='ltr'><strong>Tusca</strong></span> 
     </span>
     <span class='ocr_line' id='line_1_35' title="bbox 217 4386 1385 4470; baseline 0.011 -33"><span class='ocrx_word' id='word_1_269' title='bbox 217 4388 388 4454; x_wconf 82' lang='lat' dir='ltr'><strong>perspectum</strong></span> <span class='ocrx_word' id='word_1_270' title='bbox 407 4386 465 4440; x_wconf 85' lang='lat' dir='ltr'><strong>cod.</strong></span> <span class='ocrx_word' id='word_1_271' title='bbox 486 4387 621 4455; x_wconf 71' lang='lat' dir='ltr'><strong>Angelis:</strong></span> <span class='ocrx_word' id='word_1_272' title='bbox 641 4390 812 4456; x_wconf 86' lang='lat' dir='ltr'><strong>prospectum</strong></span> <span class='ocrx_word' id='word_1_273' title='bbox 836 4386 861 4438; x_wconf 90' lang='lat' dir='ltr'><em>V</em></span> <span class='ocrx_word' id='word_1_274' title='bbox 921 4389 954 4440; x_wconf 80' lang='lat'><strong>27</strong></span> <span class='ocrx_word' id='word_1_275' title='bbox 974 4387 1099 4444; x_wconf 86' lang='lat' dir='ltr'><strong>faborV</strong></span> <span class='ocrx_word' id='word_1_276' title='bbox 1165 4393 1200 4446; x_wconf 80' lang='lat'><strong>29</strong></span> <span class='ocrx_word' id='word_1_277' title='bbox 1217 4394 1327 4470; x_wconf 59' lang='lat' dir='ltr'><strong>incolis</strong></span> <span class='ocrx_word' id='word_1_278' title='bbox 1357 4405 1385 4460; x_wconf 83' lang='lat' dir='ltr'><em>V</em></span> 
     </span>
    </p>
   </div>
   <div class='ocr_carea' id='block_1_5' title="bbox 0 0 1518 4975">
    <p class='ocr_par' dir='ltr' id='par_1_9' title="bbox 0 0 1518 4975">
     <span class='ocr_line' id='line_1_36' title="bbox 0 0 1518 4975; baseline 0 1"><span class='ocrx_word' id='word_1_279' title='bbox 0 0 1518 4975; x_wconf 95' lang='lat' dir='ltr'><strong> </strong></span> 
     </span>
    </p>
   </div>
  </div>
 </body>
</html>
