3025 4975
448 480 535 550 Epist.
555 479 665 535 CLXXI
682 480 699 534 2
718 511 752 520 -
773 478 909 535 CLXXIII
929 481 954 535 3.
1206 482 1271 546 629

136 696 185 758 per
197 678 314 741 litteras
330 679 455 740 nostras
469 675 672 752 iniunximus,
691 678 728 740 ut
746 674 862 741 domno
883 677 915 741 et
933 674 998 738 lilio
1018 676 1126 739 nostro
1146 674 1269 739 Iustino

137 783 258 867 principi
283 782 509 847 necessitatem
542 786 575 846 et
607 800 735 846 causam
764 784 891 847 uestrae
924 780 1102 846 dilectionis
1130 780 1271 846 insinuet

138 893 165 953 et
183 890 334 954 instanter
356 893 439 973 agat,
464 891 621 971 quatenus
651 888 818 954 desideriis
847 888 964 954 uestris
989 887 1137 952 dominus
1164 889 1272 952 noster

138 1014 296 1081 congruum
329 999 490 1079 praestare
523 995 673 1079 dignetur
705 995 865 1060 effectum.
916 1014 988 1059 cum
1022 1013 1084 1076 quo
1117 992 1315 1058 Dioscoro3

113 1102 255 1169 adiacono
287 1103 383 1168 debet
413 1101 502 1184 loqui
530 1106 638 1166 uestra
665 1102 856 1180 fraternitas,
876 1102 961 1183 ¹quia
987 1118 1117 1166 necesse
1146 1102 1205 1177 cst,
1234 1103 1271 1164 ut

138 1209 289 1275 intentioni
324 1212 451 1273 uestrae
487 1210 541 1273 uel
568 1207 688 1272 intuitu
712 1208 888 1273 catholicae
912 1207 1193 1279 communi<0ni>s
1217 1206 1270 1270 uel

137 1316 374 1381 consideratione
397 1318 522 1380 nostrae
546 1314 775 1380 adhortationis
800 1311 937 1380 studeat.
990 1314 1071 1379 Data
1092 1313 1185 1387 <die>
1209 1330 1269 1395 quo

137 1440 220 1505 supra
241 1442 326 1488 cons.
351 1442 394 1488 ss.

640 1616 748 1700 (raa.)

106 1765 123 1803 n
173 1748 724 1815 <ucmsoan1oscoaonmcono>
770 1740 817 1804 De
844 1739 963 1805 laboris
992 1739 1051 1813 tui,
1077 1756 1171 1820 quem
1195 1756 1269 1801 cum

136 1846 178 1911 dei
198 1849 419 1931 omnipotentis
442 1848 605 1912 iuuamino
628 1847 811 1928 suscepisti,
834 1866 890 1929 pro
916 1864 952 1910 ea
974 1848 1074 1928 parte,
1094 1864 1174 1927 qnae
1199 1844 1269 1907 aeta

136 1957 185 2030 est,
207 1955 403 2038 gratulamur
420 1955 535 2019 effectu
560 1956 593 2018 et
614 1953 792 2018 indicamus
817 1956 862 2031 ut,
888 1951 1155 2035 quemadmodum
1178 1968 1268 2013 reuo-

136 2061 215 2125 candi
237 2062 300 2126 sint
321 2061 367 2138 hi,
392 2062 445 2143 qui
470 2062 627 2144 exscripto
651 2060 828 2125 constituta
851 2057 1117 2125 Chalcedonensis
1142 2056 1269 2122 concilii

135 2166 360 2244 damnauerunt,
385 2168 500 2233 debeas
525 2168 677 2251 cogitare,
701 2186 739 2231 ne
760 2167 891 2232 forsitan
911 2165 993 2230 tales
1012 2184 1072 2229 non
1093 2162 1269 2229 scismatici

102 2290 121 2328 c
136 2275 183 2338 sed
209 2275 308 2360 magis
336 2276 488 2340 haeretici
520 2275 690 2339 uideantur
717 2293 755 2338 an
785 2280 868 2339 certe
901 2292 965 2337 una
997 2272 1041 2336 sit
1073 2289 1170 2336 eausa
1201 2272 1267 2334 tam

135 2398 231 2446 eorum
254 2383 306 2465 qui
330 2382 540 2460 sermonibus,
566 2402 661 2463 quam
685 2400 796 2445 eorum
820 2380 874 2462 qui
899 2379 1132 2444 conuincuntur
1150 2376 1267 2459 scripto

134 2486 294 2568 damnasse,
319 2491 394 2572 quia
416 2489 576 2572 perhanc
603 2488 789 2552 distantiam
813 2486 898 2551 lilius
927 2489 1035 2550 noster
1058 2484 1108 2549 uir
1130 2484 1266 2550 illustris

133 2595 251 2662 Albinus
290 2597 461 2680 religiosus
503 2595 632 2661 uidetur
666 2595 770 2660 faeere
808 2594 1035 2676 quaestionem.
1079 2595 1111 2658 et
1150 2591 1265 2676 cogita,

133 2703 227 2765 utrum
249 2707 280 2768 et
301 2704 477 2769 scribentes
501 2706 611 2768 contra
630 2701 884 2768 Chalcedonense
905 2701 1075 2766 concilium
1094 2719 1150 2782 per
1172 2697 1266 2763 illum

99 2825 120 2865 u
134 2811 295 2890 generalem
324 2810 470 2875 libellum
501 2812 626 2875 tantum
654 2809 775 2892 suscipi
804 2807 938 2872 debeant
966 2827 1003 2870 an
1032 2810 1117 2870 certe
1145 2805 1266 2887 aliquid

28 2992 29 3005 ἶ
134 2916 255 2997 amplius
295 2918 431 2983 adicere.
487 2919 526 2982 de
563 2916 774 2983 Alexandrina
810 2919 842 2980 et
884 2913 1080 2980 antiochena
1121 2911 1309 2976 eeclesiis2

134 3021 234 3088 solatio
257 3023 306 3088 dei
331 3025 432 3089 nostri
456 3025 585 3090 adiutus
609 3025 738 3100 enitere,
763 3027 801 3088 nt
824 3023 969 3088 omnibus
988 3024 1074 3085 recte
1099 3019 1265 3102 dispositis

135 3131 333 3196 communioni
360 3131 536 3197 catholicae
564 3131 735 3196 socientur.
782 3130 921 3194 Thomas
950 3147 1074 3211 quoque
1108 3129 1140 3191 et
1171 3125 1264 3190 Nico·
1289 3135 1309 3196 3

136 3234 214 3297 strati
246 3237 380 3300 fratrum
416 3238 449 3299 et
485 3236 746 3319 coepiscoporum
779 3237 960 3300 nostrorum
993 3231 1173 3297 obseruatio
1207 3249 1264 3295 nos

100 3337 217 3424 elonga
242 3342 411 3407 contristat
433 3348 466 3406 et
489 3343 649 3420 miramur,
678 3361 734 3407 cur
757 3341 841 3422 apud
869 3339 1062 3405 catholicum
1090 3337 1265 3421 principem

161 3584 341 3640 ldioseorum
364 3584 396 3648 V,
415 3601 484 3639 carr.
504 3583 532 3636 οἳ
620 3584 757 3654 tintuite
780 3584 811 3650 V,
836 3599 905 3638 corr.
925 3581 953 3634 ο2
1061 3581 1208 3637 communis
1232 3580 1263 3646 V,

132 3687 222 3745 comp
276 3677 292 3727 7
313 3674 443 3745 <die>quc
463 3690 544 3745 supra
562 3675 673 3742 aer-ipsi:
692 3673 724 3744 ql
744 3674 769 3728 V

162 3762 219 3818 itt.
257 3763 336 3817 Haec
353 3763 473 3832 epistula
490 3764 577 3817 missa
593 3778 652 3817 aaa
668 3763 789 3826 uidetur,
808 3761 889 3816 immo
907 3762 939 3815 ai
950 3761 1044 3828 fallor
1062 3760 1135 3814 amit
1152 3765 1191 3814 est
1208 3759 1265 3813 aiei

131 3853 252 3906 uetustior
273 3853 412 3922 quaedam
434 3853 527 3920 farma
548 3853 684 3920 epratulae
706 3853 771 3906 175.
825 3851 900 3908 Edd.
924 3851 987 3905 Gar.
1008 3849 1039 3902 1²
1060 3853 1132 3912 50&
1155 3848 1263 3902 Collect.

134 3937 240 4008 deecit,
261 3941 345 3995 BTA
363 3941 385 3993 I
402 3944 475 4007 429,-
500 3941 579 3994 Tlra'el
603 3944 677 4007 9045
701 3945 892 3995 commemorat
913 3940 984 3993 Bar.
1008 3939 1047 3992 ad
1070 3955 1096 3992 a.
1119 3941 1264 4001 519,134.

133 4027 161 4079 10
180 4029 320 4084 Hormisda
342 4030 472 4084 Dioscoro
501 4029 613 4084 diacono
638 4031 774 4100 praeficit
799 4029 862 4084 Gar.
892 4031 940 4098 (cs.
968 4028 1085 4082 iadicem
1110 4027 1264 4096 peaeralem

132 4115 269 4173 editcma'm
285 4119 437 4188 Prolepom.
456 4133 517 4188 cap.
537 4119 580 4182 Il:
600 4135 651 4173 om.
676 4117 702 4171 V
792 4119 823 4172 ll
844 4118 894 4171 deo
919 4118 949 4181 V,
969 4133 1072 4172 corna
1148 4117 1179 4169 13
1199 4119 1264 4168 sunt

135 4201 189 4257 Car.
228 4223 258 4260 ex
275 4208 377 4276 scripto
392 4206 423 4269 V,
434 4207 541 4261 correct
578 4207 736 4276 recogitari
750 4207 862 4274 V,ccrr.
874 4204 901 4256 0²
949 4205 1110 4258 scismaticis
1125 4204 1155 4268 V,
1165 4219 1263 4257 corna

135 4289 163 4344 15
174 4292 295 4350 uidentur
308 4294 340 4358 V,
355 4311 424 4350 corr.
444 4315 458 4347 o
502 4297 534 4349 17
554 4311 602 4366 per
625 4295 660 4348 V:
679 4299 790 4365 propter
808 4294 899 4349 Coccei.
936 4296 970 4348 22
988 4293 1086 4362 nostri]
1106 4277 1147 4346 nri
1167 4311 1195 4346 a:
1215 4277 1263 4346 ffrr

134 4382 162 4429 aa
175 4381 278 4437 uidetur
294 4383 321 4436 V
391 4384 489 4438 enitire
512 4382 544 4448 V,
563 4399 668 4438 corma
