3025 4975
2 3677 171 3808 αρ’,

227 453 292 516 744
393 447 561 518 Epiphanius
580 445 798 502 Constantiensis
818 446 851 500 de
869 444 922 499 XII
941 445 1054 516 gemmis
1073 445 1214 499 rationalis

227 646 422 728 postulabat,
447 643 516 725 ipse
540 643 611 707 fons
636 641 751 706 solutis
771 641 921 717 existere,
941 645 973 705 et
991 641 1079 705 iusta
1097 644 1229 724 puteum
1249 641 1375 723 quidem

226 751 309 816 sedit
348 753 425 822 (et)
465 768 500 812 er
534 749 658 813 itineris
691 747 800 812 labore
830 746 985 830 fatigatus
1019 750 1078 825 est,
1111 751 1149 811 ut
1182 767 1376 829 consequens

230 857 377 922 ueritatis
406 858 629 940 argumentum
660 853 830 937 corporalis
860 872 936 916 suae
959 853 1156 935 praesentiae
1180 873 1379 936 nequaquam

228 983 358 1047 prorsus
389 963 562 1038 excederet,
592 965 630 1025 ut
657 959 779 1042 ubique
807 960 905 1024 simul
932 960 1088 1024 humanae
1117 963 1258 1036 naturae,
1284 980 1380 1043 quam

230 1071 381 1148 condidit,
411 1067 538 1153 propn'a
564 1067 697 1152 largiter
726 1066 808 1132 dona
837 1066 1023 1144 concedens,
1049 1086 1132 1130 nunc
1156 1086 1226 1131 eam
1251 1066 1378 1148 quidem
1407 1090 1418 1128 s

231 1178 398 1262 dignanter
426 1193 603 1253 assumens,
633 1194 714 1239 nunc
745 1175 841 1238 etiam
870 1174 912 1247 id,
938 1174 1022 1256 quod
1046 1174 1116 1238 eius
1140 1177 1200 1250 est,
1225 1174 1381 1238 ueraciter

185 1282 205 1344 2
229 1304 373 1348 asserens
398 1303 456 1348 nec
480 1301 541 1346 non
569 1285 600 1346 et
625 1301 733 1346 curam
759 1282 828 1345 eins
853 1300 889 1345 ac
912 1281 1145 1364 prouidentiam
1170 1300 1294 1365 gerens
1324 1281 1380 1345 sed

229 1397 261 1454 et
299 1391 449 1472 discipuli
487 1390 556 1454 eius
595 1391 627 1452 et
665 1387 797 1464 familia,
834 1398 898 1459 (a)
932 1387 1186 1470 quibuscumque
1219 1387 1380 1469 petebant.

230 1498 351 1580 aliquid
389 1497 573 1562 tribuebant
610 1495 660 1560 bis
697 1495 806 1580 potins
846 1514 940 1577 quam
979 1494 1158 1560 sumebant.
1200 1495 1233 1558 id
1275 1495 1382 1579 ipsum

230 1605 463 1689 praefigurabat
500 1607 532 1668 et
568 1603 679 1668 Helias
716 1603 749 1666 in
788 1603 890 1666 forma
927 1601 1047 1665 domini
1086 1601 1138 1665 sui
1174 1601 1378 1684 praecedere,
1399 1626 1421 1663 ιο

232 1711 361 1776 modum
388 1712 516 1794 quidem
539 1710 734 1774 necessariae
757 1710 804 1774 rei
828 1711 1043 1792 competenter
1066 1708 1255 1791 efflagitans,
1285 1726 1381 1789 super

231 1818 265 1882 id
289 1822 407 1896 auteur,
432 1817 516 1900 quod
539 1816 755 1881 necessarium
780 1821 857 1894 erat,
882 1815 961 1893 eius,
981 1834 1061 1898 qnae
1080 1816 1111 1879 in
1131 1835 1165 1879 se
1184 1816 1380 1888 morabatur,

230 1924 413 2008 largitatem
427 1923 657 1988 benedictionis
674 1924 856 1987 insinuans:
872 1923 928 2004 qui
947 1941 1060 2005 panem
1079 1921 1207 2005 quidem
1226 1923 1381 2006 poscebat

232 2031 362 2094 uiduam
382 2031 438 2094 sed
458 2030 623 2095 occasione
643 2028 809 2111 petitionis
824 2029 920 2093 huius
935 2027 1167 2092 benedictionis
1183 2029 1380 2110 opulentiam

186 2136 463 2202 acoinmodabat.
507 2137 553 2200 sic
595 2137 626 2200 et
663 2139 720 2200 tua
756 2134 981 2200 uenerabilitas
1019 2154 1037 2198 a
1072 2134 1230 2217 paruitate
1269 2139 1381 2199 nostra
1400 2157 1423 2198 ιε

233 2243 383 2326 quiddam
412 2245 580 2326 postulans
609 2243 681 2306 dare
709 2243 812 2326 magis
841 2262 935 2325 quam
969 2243 1111 2323 accipere
1143 2242 1380 2324 comprobatur.

232 2351 418 2429 cooperante
461 2367 595 2430 namque
636 2351 693 2412 tua
733 2347 853 2430 iugiter
890 2347 973 2429 apud
1011 2346 1106 2411 deum
1144 2347 1381 2429 supplicatione

231 2473 380 2537 capsaces
401 2454 529 2537 quidem
549 2453 610 2520 olei
629 2454 813 2520 indeficiens
833 2474 868 2518 ex
887 2473 985 2537 paruo
1004 2453 1227 2538 praestabitur,
1247 2453 1381 2537 hydriae

230 2581 305 2626 uero
321 2562 438 2625 farinae
455 2562 491 2625 de
507 2562 618 2645 exiguo
635 2580 730 2644 supra
748 2562 879 2626 modum
897 2560 1057 2645 largitatis
1077 2561 1168 2643 copia
1186 2561 1381 2626 conseretur.

183 2670 204 2732 4
227 2668 402 2750 poposcisti
425 2668 524 2751 igitur
547 2668 578 2731 in
602 2668 756 2751 principio
780 2687 837 2750 per
861 2667 1030 2750 epistolam
1052 2672 1152 2745 tuam,
1172 2668 1378 2747 uenerabilis,
1398 2693 1423 2731 ec

228 2775 266 2838 de
294 2774 464 2856 lapidibus,
496 2775 550 2857 qni
578 2774 609 2838 in
639 2773 907 2857 superhumeralis
935 2774 1081 2838 rationali
1107 2774 1268 2855 pontificis
1296 2780 1378 2840 tuno

228 2900 324 2963 snper
351 2884 462 2964 pectus
491 2882 593 2945 Aaron
619 2881 733 2964 apponi
756 2881 917 2963 praecepti
942 2883 1027 2957 sunt,
1052 2884 1089 2944 ut
1112 2881 1239 2946 nomina
1263 2900 1380 2947 eorum

229 2991 261 3052 et
289 2988 408 3053 colores
439 2991 470 3051 et
499 2988 620 3069 species
650 3007 708 3051 nec
736 3006 798 3051 non
828 2991 859 3051 et
885 2987 956 3052 loca
988 3007 1046 3051 seu
1078 2989 1380 3070 contemplationes,

229 3114 306 3177 ques
331 3095 370 3159 ad
394 3094 537 3158 diuinum
562 3096 686 3158 cultum
708 3094 857 3172 referant,
883 3094 1064 3178 singulique
1087 3094 1210 3177 lapides
1235 3115 1292 3178 pro
1315 3116 1382 3178 qna

230 3202 316 3266 tribu
343 3201 488 3283 impositi
515 3201 566 3265 uel
596 3202 678 3265 unde
702 3201 819 3283 reperti
843 3201 897 3265 uel
921 3220 957 3265 er
980 3220 1042 3283 qna
1065 3201 1167 3283 patria
1189 3202 1380 3284 probentur,
1399 3224 1425 3264 aa

182 3310 389 3392 5erponam.
429 3314 461 3373 et
498 3308 589 3374 nobis
628 3292 767 3391 quidem,
808 3308 943 3384 <sicut>
980 3307 1165 3385 memorari,
1207 3311 1382 3391 umquam

317 3574 333 3625 9
352 3570 385 3625 cl.
404 3570 489 3637 Regn.
508 3568 550 3622 Ill
570 3570 612 3631 17,
633 3544 672 3623 10⁵
684 3586 743 3638 sqq.

264 3742 277 3793 1
299 3738 408 3808 quidem
428 3740 539 3806 puteum
558 3742 625 3804 trop.
643 3736 726 3805 Foyp.
749 3704 869 3805 (qni'dem
887 3706 1000 3806 purgum
1019 3742 1047 3801 α)
1120 3738 1136 3790 2
1155 3741 1184 3789 et
1202 3736 1269 3790 cdd.
1290 3738 1383 3807 Fopy.

227 3830 276 3895 (cf.
300 3826 443 3893 Facund.)
526 3830 557 3879 ut
580 3828 776 3894 consequenter
797 3827 933 3895 praesenti
957 3843 1079 3880 sermone
1103 3826 1301 3879 incarnationis
1326 3844 1384 3882 uon

228 3916 368 3970 excederet
386 3916 529 3969 ueritatem
548 3914 678 3969 Facund.
723 3916 792 3967 lut
810 3915 847 3969 V:
866 3920 894 3969 et
911 3915 996 3985 Fopp.
1042 3915 1214 3970 Soodde'di
1231 3917 1385 3985 (aquibus

227 4005 366 4071 Fucuad.)
448 4004 579 4073 patebant
603 4003 634 4069 V,
654 4020 723 4057 corr.
743 4003 827 4073 Fopy.
902 4005 935 4057 12
954 4020 1023 4073 quae
1040 4004 1153 4071 sumpsi:
1172 4003 1218 4073 qui
1242 4002 1269 4057 V
1286 4005 1384 4074 (prae-

227 4092 336 4145 bentem
357 4092 417 4161 [lep.
437 4094 617 4161 praesentem]
638 4090 691 4145 eibi
709 4091 926 4147 benedictionem
945 4092 1087 4162 Facuod.)
1135 4092 1167 4144 17
1187 4096 1330 4161 coopante
1352 4094 1384 4160 V,

227 4196 296 4235 corr.
317 4198 334 4231 α
390 4180 422 4233 18
442 4197 552 4249 capsace
577 4181 608 4245 V,
628 4183 734 4235 correxi
805 4180 947 4251 HidrieV
1013 4183 1048 4237 20
1066 4179 1229 4250 poposcistis
1252 4180 1289 4243 V,
1310 4198 1385 4238 corr.

227 4269 311 4338 Foyp.
358 4270 392 4323 25
411 4268 499 4321 tribus
523 4270 554 4333 V,
574 4286 644 4324 cor-r.
664 4270 748 4339 Fcpp.
798 4271 833 4325 26
852 4272 923 4324 sient
942 4270 1043 4324 addidi
1062 4273 1101 4338 (et
1119 4270 1201 4324 sicuti
1220 4268 1279 4323 dixi
1299 4274 1386 4327 nobis

228 4358 336 4425 quidem
353 4357 494 4422 Facuud.)
