3025 4975
448 450 534 522 apae.
554 449 686 506 ccxxrr
704 451 721 506 e
741 481 775 490 -
795 449 956 506 coruum
974 451 999 506 a.
1228 452 1293 516 693

157 647 413 730 praedicationem
446 650 633 728 sequuntur,
667 647 877 730 neglegantur
908 645 964 728 qui
994 645 1027 710 in
1059 645 1127 710 eius
1161 645 1223 710 fide
1261 649 1295 710 et

157 773 305 820 consensu
329 753 448 837 recepti
472 757 556 820 sunt.
575 752 705 828 idcirco,
725 753 811 818 siout
829 753 946 817 hortati
966 771 1089 829 sumus,
1108 770 1163 834 pro
1184 771 1294 818 eorum
1318 748 1338 812 5

157 861 371 926 communione
413 862 509 943 atque
549 858 621 924 loco
664 859 868 924 serenissimo
910 859 1045 942 principi
1090 859 1296 923 uehementer

154 967 305 1041 insistite;
331 985 403 1030 nam
427 966 460 1030 in
484 966 594 1031 eadem
618 983 715 1031 causa
738 965 855 1030 domno
880 969 913 1030 et
934 965 1000 1030 filio
1023 969 1133 1031 nostro
1158 965 1294 1030 clemen-

126 1073 273 1138 stissimo
303 1073 436 1157 principi
461 1076 494 1137 et
515 1073 584 1139 uiro
607 1073 728 1138 illustri
751 1072 929 1138 Iustiniano
952 1071 1018 1137 filio
1041 1076 1151 1138 nostro
1176 1071 1295 1155 scripta

153 1181 330 1258 direximus,
355 1181 529 1258 hortantes,
554 1183 591 1245 ut
615 1199 687 1244 cum
711 1183 831 1258 uestra,
856 1182 1009 1261 quantum
1028 1179 1068 1244 ad
1087 1179 1294 1244 ecclesiarum

151 1306 277 1352 suarum
312 1287 527 1370 receptionem
563 1286 712 1370 pertinet,
743 1285 879 1351 debeant
912 1286 1043 1351 caritate
1075 1289 1222 1350 tractare.
1255 1285 1294 1350 de

152 1413 211 1475 quo
235 1413 294 1460 uos
318 1395 452 1460 articulo
477 1397 602 1459 nostrae
627 1393 834 1458 ordinationis
848 1394 1056 1475 'suspicamur
1073 1393 1292 1458 immemores:

151 1501 284 1566 diximus
313 1501 407 1580 enirn,
436 1500 703 1584 quemadmodum
733 1500 871 1566 exclusis
899 1500 1144 1584 occupatoribus
1177 1499 1222 1578 hi,
1255 1499 1293 1564 da

114 1607 264 1690 aquibus
296 1607 466 1689 loquimur,
501 1607 539 1672 ad
571 1607 712 1690 proprias
744 1610 945 1672 reuertentur
977 1607 1140 1685 ecclesias,
1175 1610 1213 1671 ut
1244 1607 1293 1671 illi

151 1713 234 1792 alibi,
272 1713 300 1778 si
338 1717 444 1779 tamen
481 1717 585 1779 rectae
624 1717 699 1780 sunt
729 1714 815 1790 fidei,
851 1714 1045 1780 ordinentur.
1079 1714 1118 1778 de
1149 1709 1337 1796 personis6

150 1819 337 1902 Scytharum
356 1820 582 1886 monachorum
601 1821 652 1884 uir
670 1820 807 1886 illustris
826 1820 1022 1886 lastinianus
1041 1820 1134 1886 nobis
1152 1819 1292 1902 scripsit,

150 1945 280 2008 quarum
308 1927 497 2009 exemplaria
523 1927 702 1992 litteramm
729 1928 920 1994 fraternitati
952 1931 1077 1992 uestrae
1110 1927 1292 1992 direximus.

150 2033 201 2114 qui
234 2052 306 2097 curn
340 2032 464 2099 nollent
495 2035 653 2099 sustinere
683 2037 809 2099 uestrae
842 2035 1022 2099 dilectionis
1055 2035 1227 2098 aduentum
1261 2039 1294 2098 et

99 2165 132 2206 11
150 2139 406 2206 obseruationum
421 2159 525 2205 moras
541 2159 574 2205 se
589 2141 729 2206 dicerent
747 2143 829 2206 ferre
849 2161 910 2206 non
929 2159 1036 2224 posse,
1054 2143 1293 2222 temptauerunt

150 2249 229 2312 clam
258 2247 297 2312 de
325 2247 403 2311 urbe
432 2247 604 2312 discedere.
634 2267 714 2330 quos
743 2253 850 2313 tamen
878 2267 935 2313 nos
959 2248 1096 2312 fecimus
1119 2247 1291 2312 sollicitius

150 2354 313 2432 custodiri,
353 2371 399 2432 ea,
435 2373 515 2436 quae
556 2355 593 2420 do
630 2355 723 2421 uobis
763 2355 920 2421 contraria
956 2354 1111 2436 dixerunt,
1147 2355 1292 2419 uolentes

150 2479 330 2546 agnoscere.
356 2465 402 2537 ut,
427 2481 501 2527 cum
529 2461 648 2527 reuersi
672 2462 730 2529 deo
753 2463 893 2547 propitio
916 2461 1053 2539 inentis,
1077 2481 1184 2528 eorum
1209 2480 1293 2527 error

149 2568 388 2634 rationabilibus
425 2569 700 2635 adhortationibus
738 2571 924 2655 corrigatur.
992 2570 1076 2635 Data
1110 2570 1168 2635 Ill.
1209 2568 1291 2635 Non.

111 2699 134 2741 11
151 2676 312 2742 Decembr.
337 2678 507 2742 Eutharico
531 2698 563 2741 u.
588 2696 616 2745 c.
641 2696 727 2743 cons.

664 2870 774 2954 (aas.)

191 3012 346 3059 1111111111
374 3012 483 3069 comus
514 3014 623 3062 suren.
691 2996 742 3059 lta
768 3014 826 3060 nos
849 2995 1077 3061 incolomitatis
1101 3001 1135 3061 et
1162 2998 1291 3061 actuum

149 3104 324 3165 uestrorum
341 3119 416 3165 cura
430 3100 592 3180 sollicitat,
608 3104 645 3166 ut
664 3102 813 3183 quamuis
831 3102 1051 3184 frequentibus
1072 3103 1291 3168 occasionibus

149 3226 206 3273 non
239 3207 531 3289 praetermittamus
563 3208 682 3273 hortari
716 3212 820 3273 certos
853 3227 911 3274 nos
943 3208 981 3272 de
1009 3209 1071 3287 bia,
1100 3228 1180 3291 quae
1209 3210 1293 3273 circa

110 3338 133 3379 11
148 3332 204 3378 uos
228 3316 376 3398 aguntur,
400 3312 468 3378 fieri
487 3314 603 3378 litteris
623 3313 802 3381 destinatis.
821 3332 893 3377 narn
914 3318 946 3379 et
965 3332 1038 3379 cum
1057 3334 1113 3397 per
1131 3313 1291 3380 hominem

148 3419 280 3485 illustris
322 3419 385 3484 uiri
426 3422 521 3501 atque
561 3419 723 3505 magnifici
764 3420 889 3502 patricii
930 3420 989 3485 filii
1025 3420 1125 3485 nostri
1160 3421 1292 3505 Agapiti

150 3526 313 3591 desideriis
336 3526 455 3591 nostris
479 3545 637 3611 congmos
662 3527 845 3591 miserimus
869 3527 984 3596 affatus
1008 3530 1041 3591 et
1062 3546 1145 3592 nunc
1165 3546 1290 3609 quoque

149 3632 312 3697 anxietatis
345 3636 472 3697 nostrae
505 3632 697 3699 credidimus
732 3633 859 3711 solatio,
892 3634 919 3699 si
953 3634 992 3697 ad
1023 3652 1083 3697 uos
1111 3634 1292 3716 praesentia

149 3740 265 3822 scripta
287 3740 505 3805 mitteremus:
531 3742 655 3805 tantum
679 3742 739 3819 est,
763 3744 801 3805 ut
820 3741 857 3805 de
876 3741 1002 3805 actibus
1021 3744 1117 3823 atque
1136 3740 1290 3823 sospitate
1315 3744 1334 3806 2

182 3932 197 3985 6
216 3935 308 3985 uestra
327 3932 458 4001 quantum
478 3928 517 4003 p²z
537 3932 667 4000 quantum
687 3934 779 3986 uestra
801 3930 828 3985 V
916 3930 932 3983 7
955 3932 1108 4001 recept-ione
1131 3931 1164 3997 V,
1188 3948 1255 3987 corr.
1276 3950 1290 4003 ρ

149 4016 164 4072 8
183 4036 234 4088 quo
252 4020 364 4087 serpsi:
383 4036 413 4073 co
434 4020 484 4087 (om
503 4020 565 4088 eol)
591 4018 621 4081 V,
642 4036 673 4073 eo
694 4038 711 4071 α
794 4020 878 4083 <nonX
891 4020 1060 4074 immemores
1082 4020 1147 4075 Car.
1201 4022 1219 4075 9
1239 4036 1289 4089 que

150 4106 288 4163 admodum
314 4108 344 4171 V,
364 4124 432 4163 corr.
454 4126 471 4158 α
513 4108 546 4162 12
565 4112 699 4179 scytarum
723 4109 750 4161 V
786 4108 819 4161 lc
836 4113 875 4161 tm
896 4111 942 4176 (=
961 4112 1062 4176 tamen)
1088 4109 1125 4163 V.-
1143 4112 1202 4163 tum
1224 4109 1288 4163 Gor.

152 4194 182 4247 19
200 4196 415 4251 adortationihua
439 4196 465 4251 V

183 4284 246 4341 228.
284 4286 353 4340 Dat.
374 4303 399 4341 a.
419 4288 478 4341 520
497 4286 541 4341 die
559 4289 597 4340 10
614 4286 692 4341 Iulii.
729 4286 804 4339 Edd.
822 4285 885 4339 Car.
905 4285 935 4339 1²
948 4289 1019 4353 536;
1040 4286 1148 4340 Collect.
1171 4286 1290 4355 Condi,-

151 4371 226 4427 BTA
245 4375 265 4427 Ι
283 4376 355 4439 439,·
377 4374 455 4430 Thiar
476 4376 538 4428 925.
593 4376 627 4428 24
647 4374 774 4429 certiores
793 4372 820 4443 p²
874 4375 909 4429 28
928 4375 1055 4430 solatium
1077 4376 1141 4429 Cor.
