3025 4975
394 464 481 534 Epist.
502 462 661 520 CCXXXIII
682 465 714 518 10
733 495 768 504 —-
788 463 963 520 CCXXXIIII
981 467 1006 520 5.
1209 471 1271 534 711

134 678 267 722 saronas
284 677 367 733 cuna
383 677 416 722 m
432 656 880 722 consransmorbmrauaasr
892 677 1040 723 murram
1052 678 1273 726 oenomaum.

133 765 393 830 Innumerabilem
419 765 451 827 et
473 765 701 848 inuestigatam
725 765 833 848 magni
856 764 907 829 dei
931 769 964 830 et
982 766 1152 831 saluatoris
1172 769 1273 833 nostri
1297 769 1321 831 2

133 872 199 936 lesu
228 871 348 936 Christi
377 871 575 954 sapientiam,
605 873 757 954 quantum
785 871 967 936 hominibus
997 872 1090 936 datur
1116 871 1272 956 intellegi,

134 979 361 1043 considerantes
385 977 550 1042 caritatem
574 977 644 1042 eius
667 977 843 1042 inmensam
865 979 950 1044 iuste
973 981 1126 1044 miramur
1149 983 1273 1044 etcum

109 1085 1272 1168 smagnaclamamnsuoce:quisloquaturpotentiasdomini,

134 1192 292 1257 auditas
330 1191 461 1256 faciat
499 1210 634 1256 omues
672 1191 817 1256 laudes
851 1192 964 1257 eius?
997 1211 1071 1258 ecoe
1104 1195 1187 1258 enim
1218 1205 1320 1275 per3

132 1299 238 1364 bonam
273 1299 472 1364 uoluntatem
505 1301 633 1364 nanctae
667 1301 699 1362 et
731 1298 828 1362 unius
861 1298 1017 1364 essentiae
1049 1299 1204 1364 trisitatis
1241 1303 1275 1364 et

132 1405 370 1471 intercessIones
404 1407 559 1490 gloriosae
594 1405 713 1470 Mariae
746 1405 893 1488 uirgmis,
932 1406 1039 1471 studio
1077 1426 1203 1490 quoque
1242 1410 1276 1472 et

132 1513 294 1596 uigilantIa
321 1510 586 1577 Christianissimi
614 1514 646 1576 et
668 1510 850 1575 fidelissimi
877 1512 979 1576 nostri
1009 1511 1208 1594 imperatoris
1241 1517 1277 1578 et

98 1643 118 1681 a
132 1618 287 1700 piissimae
324 1619 461 1702 reginae,
501 1617 577 1682 olim
615 1637 695 1700 quae
731 1617 857 1683 fuerant
893 1619 1035 1683 membra
1071 1618 1185 1695 diuisa,
1217 1638 1276 1703 per

134 1726 258 1807 spiritus
292 1725 393 1790 sancti
427 1725 559 1809 gratiam
592 1725 632 1790 ad
664 1725 820 1790 unitatem
847 1728 881 1792 et
908 1725 1072 1790 cantatam
1099 1726 1273 1807 perlectam

134 1839 200 1897 sunt
235 1831 364 1896 redacta
401 1835 433 1896 et
470 1831 556 1896 siout
591 1831 721 1915 Moyses
759 1834 793 1896 et
825 1832 928 1896 Aaron
967 1831 1063 1898 duces
1097 1832 1147 1896 dei
1179 1851 1275 1898 uerae

134 1940 269 2004 culturae
306 1939 573 2011 Israhelit<ic>ae
609 1939 763 2004 nominati
786 1957 869 2004 nuno
892 1938 937 2003 ita
960 1944 993 2003 et
1015 1958 1073 2004 nos
1097 1940 1274 2023 gaudentes

134 2046 318 2110 clamamus:
344 2049 551 2110 cantemus
576 2046 752 2110 domino!
778 2046 962 2130 gloriose
985 2046 1089 2111 enim
1112 2047 1272 2111 honori-

99 2153 279 2218 nfieatus
313 2154 391 2229 est,
422 2153 586 2216 adiutor
615 2155 653 2216 et
680 2155 893 2235 protector
920 2153 1057 2218 factus
1087 2156 1150 2218 est
1172 2152 1271 2217 mihi

133 2258 166 2322 in
201 2260 394 2336 salutem,
432 2262 466 2323 et
502 2261 578 2324 haec
617 2259 734 2324 sentire
773 2263 805 2324 ot
840 2259 1019 2342 praedicare
1050 2279 1124 2325 cum
1155 2259 1272 2324 fiducia

134 2385 237 2431 sumus
263 2365 378 2432 edocti.
403 2366 639 2432 considerantes
663 2371 770 2430 autam
790 2367 953 2431 caritatem
974 2371 1007 2431 et
1025 2366 1083 2432 deo
1102 2366 1271 2432 amabilem
1296 2363 1320 2424 4

134 2479 250 2539 uestrae
280 2472 486 2539 beatitudinis
515 2473 616 2538 uitam
646 2473 742 2538 etiam
771 2493 807 2538 er
835 2473 897 2550 his,
931 2473 986 2557 qui
1018 2494 1037 2538 a
1070 2473 1162 2539 uobis
1196 2476 1272 2539 sunt

135 2579 277 2647 destinati
300 2580 552 2647 reuerentissimi
580 2580 689 2663 legati,
719 2580 867 2645 similiter
894 2584 926 2645 et
953 2600 1063 2663 paoem
1091 2585 1271 2647 sanctarum

99 2714 120 2753 a
135 2684 179 2751 dei
206 2687 412 2753 ecclesiarum
439 2692 505 2753 tam
533 2688 666 2753 senioris
695 2706 791 2769 quam
814 2688 960 2753 nouellae
984 2688 1114 2767 Romae,
1138 2688 1190 2753 cui
1213 2708 1271 2753 uos

135 2792 190 2874 ipsi
220 2792 391 2876 participes
424 2794 524 2859 fuisse
557 2798 783 2871 monstramur,
816 2795 898 2859 bono
927 2795 1049 2876 pastori
1076 2799 1109 2859 et
1135 2794 1272 2877 principi

137 2899 267 2964 omnium
296 2900 424 2965 Christo
453 2901 510 2965 deo
539 2905 647 2965 nostro
677 2904 829 2967 consuete
859 2902 976 2985 gratias
999 2900 1177 2967 referimus.
1200 2900 1320 2967 uamb

137 3009 202 3084 post
228 3006 351 3071 obitum
381 3010 508 3073 sanctae
537 3008 763 3073 recordationis
792 3008 950 3090 quondam
980 3008 1209 3091 archiepiscopi
1241 3013 1274 3072 et

136 3113 320 3193 patriarchae
350 3114 499 3179 Iohannis
530 3114 899 3197 Constantinopolitanae
927 3115 1070 3181 ciuitatis
1099 3115 1189 3194 daus,
1218 3115 1272 3197 qui

100 3248 122 3285 a
137 3220 283 3300 propriam
311 3227 454 3285 sanctam
483 3221 651 3286 scelestam
680 3220 711 3285 in
740 3224 830 3303 petra
856 3224 963 3287 rectae
990 3221 1065 3286 fidei
1092 3222 1273 3304 incorrupta

136 3324 272 3391 fundauit
304 3330 337 3391 et
363 3329 470 3409 portas
504 3327 594 3391 inferi
628 3346 689 3392 uon
721 3329 905 3410 praeualere
938 3327 968 3392 ei
1001 3328 1152 3404 decreuit,
1185 3316 1281 3391 dedit

136 3431 217 3497 nobis
236 3436 383 3499 sanctum
402 3438 561 3516 pastorem
582 3438 614 3497 ct
631 3433 844 3517 patriarcham
863 3435 1077 3517 Epiphaniam
1096 3433 1273 3498 uirtutibus

137 3540 164 3601 et
189 3540 435 3605 correctionibus
459 3544 491 3605 et
514 3540 720 3605 meditatione
746 3539 923 3605 diuinarum
949 3542 1113 3605 florentem
1138 3540 1274 3621 scriptu-

136 3662 240 3727 ramm,
262 3648 384 3711 rectam
409 3665 533 3728 quoque
557 3649 717 3711 tenentem
740 3646 836 3711 fidem
860 3651 892 3713 et
911 3647 1092 3712 orbatorum
1111 3650 1271 3730 paternam

100 3780 121 3821 a
137 3757 287 3835 regentem
330 3752 579 3817 sollicitudinem
622 3755 653 3817 et
689 3790 733 3799 —
771 3753 847 3835 quid
889 3752 1026 3835 amplius
1064 3753 1191 3818 dicam?
1228 3790 1272 3798 -

214 3994 349 4050 5Psa1m.
371 3994 431 4057 105,
451 3996 467 4048 2
533 3998 566 4049 14
584 3995 667 4051 Exod.
689 3998 731 4061 15,
752 3997 765 4049 1
787 4014 826 4067 sq.
891 3996 1154 4067 aasq.er.n1aotn.
1177 3999 1219 4053 16.
1239 3999 1275 4052 18

164 4118 232 4187 deq.
250 4120 400 4188 loquetur.
416 4158 422 4175 .
437 4118 521 4173 faciet
540 4117 567 4189 ρ2
584 4135 644 4173 mem
667 4118 790 4189 anpata
881 4122 914 4175 12
932 4121 1030 4173 moises
1055 4120 1081 4173 V
1150 4137 1212 4191 uere
1235 4122 1277 4173 V:

134 4220 189 4261 uere
208 4209 306 4263 Manet
386 4209 418 4262 13
436 4208 577 4262 israhelite
601 4208 633 4267 V,
653 4224 721 4262 corr.
741 4228 755 4260 o
836 4210 868 4263 16
887 4209 988 4263 sentite
1007 4212 1037 4263 ot
1054 4208 1092 4264 0²:
1112 4210 1228 4263 sentiret
1250 4210 1278 4262 V

135 4295 163 4347 17
180 4298 320 4352 amabilem
340 4297 426 4351 Bau:
445 4296 589 4351 curabilem
608 4301 637 4351 et
660 4298 685 4350 V
723 4298 759 4352 22
777 4315 839 4352 nam
858 4298 898 4352 0²:
917 4298 1020 4352 nonV
1057 4300 1091 4353 26
1110 4299 1273 4353 decreuito:

135 4382 245 4441 decreuit
263 4390 292 4441 et
315 4386 342 4439 V
393 4386 585 4453 superantem
606 4386 685 4441 'I‘bicl
