3025 4975
208 439 272 503 722
388 435 533 489 Hormisda
551 435 703 506 Epiphanio
723 436 849 506 episcopo
869 434 1172 504 Constantinopolitano

206 631 361 695 infundat.
395 635 426 695 et
459 633 563 696 tamen
592 630 727 694 interest
754 629 1002 712 dispensationis
1031 630 1110 694 mihi
1139 630 1287 708 creditae,
1317 635 1354 694 ut

208 757 264 822 ego
289 757 414 821 quoque
438 738 491 801 uel
515 737 598 820 apud
623 737 762 801 scientes
782 741 857 800 nota
875 755 936 801 nou
955 740 1090 813 taceam,
1109 740 1147 800 ut
1165 737 1354 802 succedente

207 845 268 910 sibi
291 864 347 928 per
370 844 458 907 uices
481 847 662 926 temporum
687 842 916 906 catholicorum
935 843 1169 924 praedicatione
1188 862 1353 911 sensuum,

156 951 292 1034 19quod
323 949 538 1014 indeficienter
571 950 733 1025 asseritur,
759 949 827 1013 sine
850 949 912 1013 fine
937 949 1093 1016 credatur.
1143 949 1240 1013 latius
1264 951 1353 1020 haec.

207 1077 286 1141 quae
310 1055 349 1120 ad
373 1057 523 1120 deitatem
547 1055 845 1137 humanitatemque
869 1055 988 1119 domini
1011 1055 1113 1120 nostri
1135 1056 1210 1120 lesu
1234 1055 1354 1120 Christi
1387 1077 1400 1114 s

205 1165 364 1246 pertinent
386 1166 418 1227 et
441 1163 471 1226 in
497 1181 532 1227 eo
557 1163 662 1227 unitas
687 1162 767 1225 duas
792 1163 859 1225 sine
884 1163 1069 1227 confusione
1093 1167 1232 1241 naturas,
1261 1166 1354 1246 potui

206 1271 379 1336 secundum
407 1273 552 1333 ueterum
581 1268 710 1333 definita
737 1269 903 1345 disserere,
928 1268 956 1332 si
980 1272 1067 1334 esset
1094 1269 1263 1334 aduersum
1287 1291 1355 1348 eos,

206 1378 260 1459 qui
279 1378 329 1441 his
349 1376 553 1453 dissentiunt,
573 1376 812 1457 disputandum.
833 1375 889 1439 sed
905 1394 978 1439 oum
993 1375 1024 1439 in
1043 1377 1191 1440 manibus
1211 1379 1355 1442 omnium

206 1486 271 1550 sint
299 1488 331 1548 et
359 1483 510 1568 synodica
538 1483 712 1547 constituta
741 1485 774 1546 et
800 1483 886 1548 beati
914 1501 1014 1565 papae
1048 1483 1159 1547 Leonis
1193 1484 1356 1568 dogmata,

205 1590 425 1674 perstrinxisse
445 1589 551 1672 potius
571 1608 671 1672 panca
692 1609 786 1670 quam
807 1591 956 1654 euoluere
976 1589 1094 1654 credidi
1113 1592 1357 1656 conuenientius
1378 1612 1403 1650 ro

153 1701 194 1762 20
205 1699 365 1762 uniuersa.
390 1716 473 1760 nunc
497 1715 572 1760 uero
598 1713 767 1778 agnoscere
791 1696 869 1760 satis
895 1699 945 1760 est
969 1699 1002 1760 et
1020 1715 1132 1761 cauere
1150 1698 1196 1761 ita
1215 1698 1357 1781 proprie·

204 1807 302 1868 tatem
326 1804 358 1867 et
382 1802 552 1866 essentiam
572 1802 784 1884 cogitandam,
804 1805 842 1865 ut
861 1802 980 1866 sciatur·
998 1803 1074 1884 quid
1093 1823 1256 1886 personae,
1277 1804 1356 1886 quid

204 1929 261 1975 nos
281 1912 424 1992 oporteat
447 1909 566 1972 deterre
591 1908 798 1972 substantiae.
822 1928 902 1990 quae
926 1907 980 1990 qui
1002 1908 1184 1973 indecenter
1207 1910 1356 1994 ignorant

204 2025 260 2082 aut
275 2017 388 2082 callida
402 2015 565 2098 impietate
577 2015 790 2092 dissimulant,
802 2015 878 2078 dum
889 2015 1042 2080 omittunt
1051 2016 1128 2098 quid
1138 2017 1181 2080 sit
1191 2019 1358 2100 proprium

204 2125 273 2201 filii,
297 2123 397 2187 trinae
421 2122 555 2186 tendunt
578 2121 710 2185 insidias
730 2121 854 2186 unitati.
876 2120 931 2185 sed
951 2121 979 2185 si
998 2141 1078 2203 quae
1097 2122 1259 2205 praedict-a
1279 2132 1358 2188 sunt
1379 2145 1404 2184 rs

206 2230 321 2294 ualidis
352 2231 519 2293 teneantur
546 2227 606 2292 fixa
630 2227 802 2305 radicibus,
826 2247 883 2291 nec
907 2232 1072 2308 apatema
1085 2229 1256 2294 traditione
1270 2249 1360 2295 rece-

206 2337 337 2401 ditaret
356 2337 536 2400 constanter
555 2333 796 2416 quaestionibus
817 2333 973 2401 obuiatur.
993 2334 1076 2398 Data
1094 2336 1165 2400 Vll.
1184 2336 1256 2401 Kal.
1277 2337 1358 2420 Apu.

204 2443 332 2509 Ualerio
356 2462 387 2506 u.
413 2459 439 2506 o.
465 2460 550 2507 cons.

725 2547 833 2631 (aad.)

247 2673 404 2719 uoaursoa
426 2674 598 2719 anrr‘uaaro
622 2674 773 2719 snrscoro
799 2673 1185 2720 cousraurrsonomrano.
1245 2658 1357 2725 linito
1377 2682 1405 2720 ao

205 2762 320 2845 gaudio
337 2781 406 2825 sum
421 2760 574 2843 repletus,
596 2760 680 2843 quod
700 2761 784 2825 eirca
803 2761 957 2826 ecclesiae
976 2782 1088 2844 pacem
1107 2767 1140 2828 et
1158 2765 1359 2831 sanctissimi

205 2866 404 2950 imperatoris
438 2871 470 2932 et
503 2867 684 2932 dilectionis
716 2870 791 2931 tuae
823 2869 887 2932 tale
921 2869 1075 2939 studium.
1109 2871 1202 2951 quale
1234 2872 1360 2938 litteris

240 3017 255 3069 3
274 3030 399 3067 sensuum
423 3014 542 3083 Μῶμε
563 3032 670 3069 sensum
682 3016 715 3069 H
732 3017 822 3085 (sensu
840 3014 908 3079 llll,
923 3034 1049 3071 sensuum
1063 3016 1094 3071 ld
1106 3036 1181 3073 moa.
1196 3024 1236 3086 2).
1252 3023 1358 3077 sensim

203 3103 335 3157 editiones
348 3104 520 3158 Hodeioaae
556 3106 740 3175 dpotuissem
759 3107 838 3160 Tliiel
875 3108 908 3159 10
928 3107 1126 3161 euolueremH
1139 3110 1359 3177 (exceptieldldi

204 3192 366 3245 conueniens
379 3191 464 3246 Gerae.
494 3192 751 3261 recogitandumfl
780 3193 958 3248 13deseruire
972 3196 1056 3249 Goae.
1095 3196 1251 3267 indigenter
1263 3198 1358 3267 Gonu,

205 3281 238 3334 14
248 3280 311 3349 quid
322 3280 410 3335 Vale:
422 3280 494 3349 qnod
504 3281 586 3349 Hiep.
597 3286 716 3350 (excepto
726 3282 759 3348 2¹³)
800 3285 929 3337 latrinae
944 3284 970 3337 V
978 3284 1076 3339 Gon-a:
1087 3286 1252 3340 trinitateH
1262 3290 1360 3353 (trini-

202 3372 289 3422 tatem
303 3370 340 3433 de,
360 3370 387 3423 in
406 3371 529 3423 trinitate
539 3368 600 3423 papo
610 3376 633 3424 et
643 3388 716 3424 anon.
727 3371 804 3437 212⁵),
818 3373 846 3425 in
860 3372 1004 3426 trinitatei
1100 3374 1258 3443 praedicata
1267 3377 1359 3449 Hiep.

203 3458 353 3527 (praedicta
371 3458 404 3525 i³)
445 3458 476 3511 17
496 3460 569 3512 Data
588 3465 635 3514 etc.
655 3460 803 3529 oemHiep.
847 3478 885 3514 rm
903 3461 1042 3515 V:vrrrH
1076 3464 1110 3517 18
1124 3480 1150 3518 u.
1162 3463 1238 3517 cH:
1255 3482 1312 3520 one.
1337 3468 1364 3519 V

238 3546 305 3602 237.
359 3547 428 3601 Dat.
447 3553 479 3600 ut
497 3563 536 3615 ep.
556 3552 621 3600 236.
676 3548 839 3616 Epistulam
856 3565 890 3602 ex
907 3550 1052 3604 Auelloaa
1071 3552 1228 3606 collectione
1241 3556 1362 3621 priamus

203 3635 289 3687 edici-it
302 3634 365 3687 Car.
379 3634 409 3687 1²
422 3638 489 3697 560,
503 3652 580 3704 quem
593 3638 678 3690 secuti
691 3643 756 3690 secat
769 3638 840 3690 Bor.
856 3638 896 3690 ad
909 3656 935 3691 a.
953 3642 1014 3704 521,
1030 3643 1082 3707 18;
1094 3640 1203 3694 Fronto
1217 3641 1361 3700 Ducacus

202 3726 233 3776 in
255 3722 374 3777 editione
397 3724 457 3777 Iole.
483 3726 616 3778 Zonarae
638 3728 895 3779 conemeatam'orura
918 3726 996 3793 (Lot.
1020 3728 1089 3781 Par.
1111 3732 1198 3795 1618)
1219 3748 1250 3798 p.
1279 3736 1361 3801 665,-

206 3813 314 3868 Collect.
343 3812 459 3877 Concil.;
483 3814 540 3866 BT
556 3814 577 3867 Ι
592 3818 656 3879 141,·
684 3814 765 3868 Tiriel
789 3818 856 3868 970.
880 3822 957 3869 extat
975 3824 1122 3884 praetereo
1139 3820 1169 3871 ia
1192 3820 1362 3879 collectione

203 3901 338 3969 Hispana
357 3902 410 3967 (ed.
432 3902 569 3955 Goelealee
587 3902 626 3955 ΙΙ
641 3920 669 3957 a.
687 3906 769 3971 9312.
789 3908 869 3970 150).
888 3920 922 3958 ee
939 3922 995 3972 qua
1014 3908 1127 3961 tramiti
1144 3908 1177 3960 ia
1188 3908 1361 3967 Paeniteat·

204 3990 352 4042 dorioaom
372 3990 424 4055 (ed.
444 3990 596 4045 Hinsclcius
609 4010 640 4061 p,
663 3996 736 4060 691).
806 3993 888 4063 Hispo.
909 4019 942 4040 =
961 4011 1107 4049 commistae
1124 3996 1255 4051 editionis
1274 4000 1361 4055 Gon-

201 4078 299 4131 ealeeii
317 4080 364 4143 (=
386 4079 486 4145 Gens.)
510 4086 535 4133 et
558 4083 707 4135 communis
732 4083 855 4136 lectionis
874 4084 996 4138 codicum
1013 4084 1026 4136 ι’
1045 4086 1080 4150 (i¹
1100 4108 1133 4130 =
1157 4086 1248 4142 tinae.
1268 4092 1359 4153 1341.

202 4166 226 4219 ,a
244 4192 277 4211 =
302 4166 391 4221 L'otic.
413 4172 479 4233 630,
498 4169 521 4223 i³
540 4194 573 4216 =
597 4170 687 4225 Uotic.
709 4176 804 4239 3791).
895 4174 930 4226 20
948 4173 1109 4227 Hormisdae
1124 4192 1210 4243 papae
1230 4177 1265 4230 ad
1285 4180 1360 4251 Epi·

203 4254 331 4325 phanium
352 4254 680 4325 Constantinopolitanum
706 4260 869 4329 episcopum.
889 4260 1073 4314 Dilectissimo
1096 4261 1175 4315 fratri
1193 4263 1359 4335 Epiphanio

203 4345 329 4415 episcopo
348 4345 492 4399 Hormisda
511 4346 592 4416 Hiap.
