<?xml version="1.0" encoding="UTF-8"?>
<!DOCTYPE html PUBLIC "-//W3C//DTD XHTML 1.0 Transitional//EN"
    "http://www.w3.org/TR/xhtml1/DTD/xhtml1-transitional.dtd">
<html xmlns="http://www.w3.org/1999/xhtml" xml:lang="en" lang="en">
 <head>
  <title>
</title>
<meta http-equiv="Content-Type" content="text/html;charset=utf-8" />
  <meta name='ocr-system' content='tesseract 3.04.00' />
  <meta name='ocr-capabilities' content='ocr_page ocr_carea ocr_par ocr_line ocrx_word'/>
</head>
<body>
  <div class='ocr_page' id='page_1' title='image "./corpusscriptoru02wiengoog_0047.png"; bbox 0 0 3025 4975; ppageno 0'>
   <div class='ocr_carea' id='block_1_1' title="bbox 463 498 1272 571">
    <p class='ocr_par' dir='ltr' id='par_1_1' title="bbox 463 498 1272 571">
     <span class='ocr_line' id='line_1_1' title="bbox 463 498 1272 571; baseline 0.015 -17"><span class='ocrx_word' id='word_1_1' title='bbox 463 502 549 571; x_wconf 66' lang='lat' dir='ltr'>apres.</span> <span class='ocrx_word' id='word_1_2' title='bbox 570 498 684 556; x_wconf 76' lang='lat' dir='ltr'>curru</span> <span class='ocrx_word' id='word_1_3' title='bbox 703 502 719 556; x_wconf 86' lang='lat' dir='ltr'>a</span> <span class='ocrx_word' id='word_1_4' title='bbox 740 532 774 541; x_wconf 94' lang='lat'>-</span> <span class='ocrx_word' id='word_1_5' title='bbox 794 501 879 557; x_wconf 84' lang='lat' dir='ltr'>cmx</span> <span class='ocrx_word' id='word_1_6' title='bbox 897 503 923 555; x_wconf 80' lang='lat' dir='ltr'>a.</span> <span class='ocrx_word' id='word_1_7' title='bbox 1207 502 1272 569; x_wconf 82' lang='lat'>527</span> 
     </span>
    </p>
   </div>
   <div class='ocr_carea' id='block_1_2' title="bbox 91 686 1316 3547">
    <p class='ocr_par' dir='ltr' id='par_1_2' title="bbox 91 686 1316 3547">
     <span class='ocr_line' id='line_1_2' title="bbox 136 686 1271 761; baseline 0.001 -3"><span class='ocrx_word' id='word_1_8' title='bbox 136 712 251 759; x_wconf 78' lang='lat' dir='ltr'>aaronis</span> <span class='ocrx_word' id='word_1_9' title='bbox 276 714 361 759; x_wconf 76' lang='lat' dir='ltr'>serm</span> <span class='ocrx_word' id='word_1_10' title='bbox 384 714 541 759; x_wconf 74' lang='lat' dir='ltr'>muamus</span> <span class='ocrx_word' id='word_1_11' title='bbox 565 714 751 759; x_wconf 73' lang='lat' dir='ltr'>maurannus</span> <span class='ocrx_word' id='word_1_12' title='bbox 778 714 1015 759; x_wconf 77' lang='lat' dir='ltr'>coxsraurmcs</span> <span class='ocrx_word' id='word_1_13' title='bbox 1040 686 1271 761; x_wconf 84' lang='lat' dir='ltr'>caarsronoaus</span> 
     </span>
     <span class='ocr_line' id='line_1_3' title="bbox 135 801 1273 887; baseline 0.004 -22"><span class='ocrx_word' id='word_1_14' title='bbox 135 820 267 865; x_wconf 53' lang='lat' dir='ltr'>arnrrmrs</span> <span class='ocrx_word' id='word_1_15' title='bbox 293 820 455 865; x_wconf 78' lang='lat' dir='ltr'>euremaro</span> <span class='ocrx_word' id='word_1_16' title='bbox 484 820 628 865; x_wconf 76' lang='lat' dir='ltr'>ramanus</span> <span class='ocrx_word' id='word_1_17' title='bbox 657 820 696 865; x_wconf 84' lang='lat' dir='ltr'>ar</span> <span class='ocrx_word' id='word_1_18' title='bbox 727 821 928 867; x_wconf 82' lang='lat' dir='ltr'>caarsmeus.</span> <span class='ocrx_word' id='word_1_19' title='bbox 999 801 1033 867; x_wconf 89' lang='lat' dir='ltr'>Si</span> <span class='ocrx_word' id='word_1_20' title='bbox 1066 802 1171 887; x_wconf 82' lang='lat' dir='ltr'><strong>dignis</strong></span> <span class='ocrx_word' id='word_1_21' title='bbox 1203 822 1273 886; x_wconf 89' lang='lat' dir='ltr'>pro·</span> 
     </span>
     <span class='ocr_line' id='line_1_4' title="bbox 136 908 1272 991; baseline 0.002 -21"><span class='ocrx_word' id='word_1_22' title='bbox 136 908 233 973; x_wconf 90' lang='lat' dir='ltr'>oemiis</span> <span class='ocrx_word' id='word_1_23' title='bbox 270 909 319 972; x_wconf 91' lang='lat' dir='ltr'>uti</span> <span class='ocrx_word' id='word_1_24' title='bbox 355 912 559 991; x_wconf 73' lang='lat' dir='ltr'><strong>temptemus,</strong></span> <span class='ocrx_word' id='word_1_25' title='bbox 597 926 726 973; x_wconf 88' lang='lat' dir='ltr'>necesse</span> <span class='ocrx_word' id='word_1_26' title='bbox 764 912 814 972; x_wconf 89' lang='lat' dir='ltr'>est</span> <span class='ocrx_word' id='word_1_27' title='bbox 850 909 962 972; x_wconf 87' lang='lat' dir='ltr'>multis</span> <span class='ocrx_word' id='word_1_28' title='bbox 998 908 1126 973; x_wconf 89' lang='lat' dir='ltr'>fletibus</span> <span class='ocrx_word' id='word_1_29' title='bbox 1159 908 1272 973; x_wconf 89' lang='lat' dir='ltr'>borum</span> 
     </span>
     <span class='ocr_line' id='line_1_5' title="bbox 134 1014 1316 1098; baseline 0.006 -21"><span class='ocrx_word' id='word_1_30' title='bbox 134 1014 379 1098; x_wconf 75' lang='lat' dir='ltr'>depromptiones</span> <span class='ocrx_word' id='word_1_31' title='bbox 410 1016 541 1080; x_wconf 88' lang='lat' dir='ltr'>efficere.</span> <span class='ocrx_word' id='word_1_32' title='bbox 572 1015 701 1097; x_wconf 89' lang='lat' dir='ltr'>plurimi</span> <span class='ocrx_word' id='word_1_33' title='bbox 729 1034 865 1097; x_wconf 89' lang='lat' dir='ltr'>namque</span> <span class='ocrx_word' id='word_1_34' title='bbox 891 1034 927 1079; x_wconf 86' lang='lat' dir='ltr'>er</span> <span class='ocrx_word' id='word_1_35' title='bbox 949 1014 1041 1079; x_wconf 88' lang='lat' dir='ltr'>nobis</span> <span class='ocrx_word' id='word_1_36' title='bbox 1066 1015 1097 1078; x_wconf 89' lang='lat' dir='ltr'>in</span> <span class='ocrx_word' id='word_1_37' title='bbox 1121 1019 1271 1097; x_wconf 88' lang='lat' dir='ltr'>regnante</span> <span class='ocrx_word' id='word_1_38' title='bbox 1296 1022 1316 1085; x_wconf 83' lang='lat'><strong>2</strong></span> 
     </span>
     <span class='ocr_line' id='line_1_6' title="bbox 109 1121 1272 1205; baseline 0.003 -22"><span class='ocrx_word' id='word_1_39' title='bbox 109 1122 209 1185; x_wconf 80' lang='lat' dir='ltr'>eluere</span> <span class='ocrx_word' id='word_1_40' title='bbox 233 1122 518 1205; x_wconf 75' lang='lat' dir='ltr'>Constantinopoli,</span> <span class='ocrx_word' id='word_1_41' title='bbox 544 1140 616 1187; x_wconf 93' lang='lat' dir='ltr'>cum</span> <span class='ocrx_word' id='word_1_42' title='bbox 641 1122 740 1187; x_wconf 88' lang='lat' dir='ltr'>uestri</span> <span class='ocrx_word' id='word_1_43' title='bbox 765 1121 959 1186; x_wconf 82' lang='lat' dir='ltr'>sanctissimi</span> <span class='ocrx_word' id='word_1_44' title='bbox 977 1122 1089 1186; x_wconf 83' lang='lat' dir='ltr'>aloarii</span> <span class='ocrx_word' id='word_1_45' title='bbox 1109 1122 1272 1186; x_wconf 84' lang='lat' dir='ltr'>Eonodius</span> 
     </span>
     <span class='ocr_line' id='line_1_7' title="bbox 133 1227 1271 1312; baseline 0.002 -22"><span class='ocrx_word' id='word_1_46' title='bbox 133 1230 160 1291; x_wconf 91' lang='lat' dir='ltr'>et</span> <span class='ocrx_word' id='word_1_47' title='bbox 178 1228 369 1294; x_wconf 79' lang='lat' dir='ltr'>Fortunatus</span> <span class='ocrx_word' id='word_1_48' title='bbox 394 1228 546 1312; x_wconf 80' lang='lat' dir='ltr'>episcopi,</span> <span class='ocrx_word' id='word_1_49' title='bbox 571 1228 747 1293; x_wconf 89' lang='lat' dir='ltr'>Uenantius</span> <span class='ocrx_word' id='word_1_50' title='bbox 771 1229 947 1311; x_wconf 80' lang='lat' dir='ltr'>presbyter,</span> <span class='ocrx_word' id='word_1_51' title='bbox 967 1227 1083 1293; x_wconf 87' lang='lat' dir='ltr'>Uitalis</span> <span class='ocrx_word' id='word_1_52' title='bbox 1108 1227 1271 1306; x_wconf 90' lang='lat' dir='ltr'>diaconus,</span> 
     </span>
     <span class='ocr_line' id='line_1_8' title="bbox 132 1333 1270 1419; baseline 0.002 -22"><span class='ocrx_word' id='word_1_53' title='bbox 132 1333 247 1400; x_wconf 87' lang='lat' dir='ltr'>Hilarus</span> <span class='ocrx_word' id='word_1_54' title='bbox 273 1336 416 1400; x_wconf 89' lang='lat' dir='ltr'>notarius</span> <span class='ocrx_word' id='word_1_55' title='bbox 442 1335 603 1419; x_wconf 84' lang='lat' dir='ltr'>degerent,</span> <span class='ocrx_word' id='word_1_56' title='bbox 627 1334 756 1418; x_wconf 88' lang='lat' dir='ltr'>pietatis</span> <span class='ocrx_word' id='word_1_57' title='bbox 781 1354 883 1419; x_wconf 89' lang='lat' dir='ltr'>agona</span> <span class='ocrx_word' id='word_1_58' title='bbox 907 1340 1092 1418; x_wconf 87' lang='lat' dir='ltr'>susceptum</span> <span class='ocrx_word' id='word_1_59' title='bbox 1116 1338 1270 1399; x_wconf 88' lang='lat' dir='ltr'>tenentes.</span> 
     </span>
     <span class='ocr_line' id='line_1_9' title="bbox 132 1441 1271 1523; baseline 0.001 -19"><span class='ocrx_word' id='word_1_60' title='bbox 132 1441 285 1506; x_wconf 88' lang='lat' dir='ltr'>nobiseum</span> <span class='ocrx_word' id='word_1_61' title='bbox 325 1446 433 1507; x_wconf 87' lang='lat' dir='ltr'>autem</span> <span class='ocrx_word' id='word_1_62' title='bbox 470 1442 534 1507; x_wconf 86' lang='lat' dir='ltr'>fuit</span> <span class='ocrx_word' id='word_1_63' title='bbox 570 1445 603 1505; x_wconf 88' lang='lat' dir='ltr'>et</span> <span class='ocrx_word' id='word_1_64' title='bbox 638 1443 721 1506; x_wconf 90' lang='lat' dir='ltr'>inter</span> <span class='ocrx_word' id='word_1_65' title='bbox 753 1445 881 1505; x_wconf 88' lang='lat' dir='ltr'>sanctos</span> <span class='ocrx_word' id='word_1_66' title='bbox 914 1441 1019 1505; x_wconf 88' lang='lat' dir='ltr'>factus</span> <span class='ocrx_word' id='word_1_67' title='bbox 1051 1443 1142 1523; x_wconf 91' lang='lat' dir='ltr'>pater</span> <span class='ocrx_word' id='word_1_68' title='bbox 1175 1444 1271 1523; x_wconf 88' lang='lat' dir='ltr'>atque</span> 
     </span>
     <span class='ocr_line' id='line_1_10' title="bbox 131 1548 1270 1631; baseline 0.001 -20"><span class='ocrx_word' id='word_1_69' title='bbox 131 1549 376 1631; x_wconf 87' lang='lat' dir='ltr'>archiepiscopus</span> <span class='ocrx_word' id='word_1_70' title='bbox 404 1552 512 1615; x_wconf 89' lang='lat' dir='ltr'>noster</span> <span class='ocrx_word' id='word_1_71' title='bbox 538 1549 680 1625; x_wconf 85' lang='lat' dir='ltr'>Alcison,</span> <span class='ocrx_word' id='word_1_72' title='bbox 710 1548 764 1631; x_wconf 91' lang='lat' dir='ltr'>qui</span> <span class='ocrx_word' id='word_1_73' title='bbox 793 1567 866 1612; x_wconf 80' lang='lat' dir='ltr'>cram</span> <span class='ocrx_word' id='word_1_74' title='bbox 894 1548 980 1611; x_wconf 93' lang='lat' dir='ltr'>omni</span> <span class='ocrx_word' id='word_1_75' title='bbox 1012 1549 1270 1630; x_wconf 83' lang='lat' dir='ltr'>praesumptione</span> 
     </span>
     <span class='ocr_line' id='line_1_11' title="bbox 98 1653 1271 1737; baseline 0.001 -21"><span class='ocrx_word' id='word_1_76' title='bbox 98 1672 117 1710; x_wconf 90' lang='lat' dir='ltr'>o</span> <span class='ocrx_word' id='word_1_77' title='bbox 132 1656 319 1736; x_wconf 91' lang='lat' dir='ltr'>supplicibus</span> <span class='ocrx_word' id='word_1_78' title='bbox 348 1659 441 1721; x_wconf 88' lang='lat' dir='ltr'>utens</span> <span class='ocrx_word' id='word_1_79' title='bbox 470 1656 589 1720; x_wconf 90' lang='lat' dir='ltr'>libellis</span> <span class='ocrx_word' id='word_1_80' title='bbox 619 1654 700 1737; x_wconf 89' lang='lat' dir='ltr'>apud</span> <span class='ocrx_word' id='word_1_81' title='bbox 730 1656 872 1719; x_wconf 90' lang='lat' dir='ltr'>uestram</span> <span class='ocrx_word' id='word_1_82' title='bbox 899 1653 1128 1718; x_wconf 88' lang='lat' dir='ltr'>beatitudinem</span> <span class='ocrx_word' id='word_1_83' title='bbox 1153 1653 1271 1737; x_wconf 89' lang='lat' dir='ltr'>dignus</span> 
     </span>
     <span class='ocr_line' id='line_1_12' title="bbox 131 1758 1268 1843; baseline 0.001 -23"><span class='ocrx_word' id='word_1_84' title='bbox 131 1758 250 1825; x_wconf 81' lang='lat' dir='ltr'>effectus</span> <span class='ocrx_word' id='word_1_85' title='bbox 281 1764 330 1825; x_wconf 87' lang='lat' dir='ltr'>est</span> <span class='ocrx_word' id='word_1_86' title='bbox 358 1761 549 1843; x_wconf 88' lang='lat' dir='ltr'>apostolicae</span> <span class='ocrx_word' id='word_1_87' title='bbox 579 1760 646 1825; x_wconf 90' lang='lat' dir='ltr'>sedi</span> <span class='ocrx_word' id='word_1_88' title='bbox 675 1763 801 1825; x_wconf 89' lang='lat' dir='ltr'>uestrae</span> <span class='ocrx_word' id='word_1_89' title='bbox 830 1760 1062 1823; x_wconf 88' lang='lat' dir='ltr'>communicare</span> <span class='ocrx_word' id='word_1_90' title='bbox 1091 1760 1268 1833; x_wconf 79' lang='lat' dir='ltr'>nobiscum,</span> 
     </span>
     <span class='ocr_line' id='line_1_13' title="bbox 131 1856 1315 1951; baseline 0.002 -24"><span class='ocrx_word' id='word_1_91' title='bbox 131 1866 179 1929; x_wconf 89' lang='lat' dir='ltr'>sed</span> <span class='ocrx_word' id='word_1_92' title='bbox 203 1868 276 1949; x_wconf 90' lang='lat' dir='ltr'>quia</span> <span class='ocrx_word' id='word_1_93' title='bbox 299 1872 438 1950; x_wconf 91' lang='lat' dir='ltr'>repente,</span> <span class='ocrx_word' id='word_1_94' title='bbox 464 1868 520 1951; x_wconf 86' lang='lat' dir='ltr'>qni</span> <span class='ocrx_word' id='word_1_95' title='bbox 544 1870 732 1932; x_wconf 89' lang='lat' dir='ltr'>cunctorum</span> <span class='ocrx_word' id='word_1_96' title='bbox 755 1866 871 1931; x_wconf 87' lang='lat' dir='ltr'>retinet</span> <span class='ocrx_word' id='word_1_97' title='bbox 893 1869 1098 1949; x_wconf 87' lang='lat' dir='ltr'>potestatem,</span> <span class='ocrx_word' id='word_1_98' title='bbox 1122 1865 1206 1930; x_wconf 88' lang='lat' dir='ltr'>hunc</span> <span class='ocrx_word' id='word_1_99' title='bbox 1231 1866 1271 1930; x_wconf 90' lang='lat' dir='ltr'>ad</span> <span class='ocrx_word' id='word_1_100' title='bbox 1295 1856 1315 1919; x_wconf 87' lang='lat'><strong>3</strong></span> 
     </span>
     <span class='ocr_line' id='line_1_14' title="bbox 129 1972 1270 2054; baseline 0.003 -20"><span class='ocrx_word' id='word_1_101' title='bbox 129 1990 159 2035; x_wconf 91' lang='lat' dir='ltr'>se</span> <span class='ocrx_word' id='word_1_102' title='bbox 184 1974 339 2051; x_wconf 87' lang='lat' dir='ltr'>euocauit,</span> <span class='ocrx_word' id='word_1_103' title='bbox 369 1994 425 2038; x_wconf 91' lang='lat' dir='ltr'>nos</span> <span class='ocrx_word' id='word_1_104' title='bbox 456 1972 671 2038; x_wconf 85' lang='lat' dir='ltr'>inrefrenabili</span> <span class='ocrx_word' id='word_1_105' title='bbox 693 1973 771 2038; x_wconf 89' lang='lat' dir='ltr'>fletu</span> <span class='ocrx_word' id='word_1_106' title='bbox 795 1973 911 2037; x_wconf 89' lang='lat' dir='ltr'>retenti</span> <span class='ocrx_word' id='word_1_107' title='bbox 934 1972 1139 2054; x_wconf 88' lang='lat' dir='ltr'>peruenimus</span> <span class='ocrx_word' id='word_1_108' title='bbox 1163 1976 1270 2037; x_wconf 88' lang='lat' dir='ltr'>tamen</span> 
     </span>
     <span class='ocr_line' id='line_1_15' title="bbox 130 2078 1269 2162; baseline 0.004 -22"><span class='ocrx_word' id='word_1_109' title='bbox 130 2078 163 2141; x_wconf 91' lang='lat' dir='ltr'>ad</span> <span class='ocrx_word' id='word_1_110' title='bbox 178 2080 311 2161; x_wconf 90' lang='lat' dir='ltr'>patriam</span> <span class='ocrx_word' id='word_1_111' title='bbox 329 2080 416 2144; x_wconf 90' lang='lat' dir='ltr'>nullo</span> <span class='ocrx_word' id='word_1_112' title='bbox 438 2078 531 2144; x_wconf 91' lang='lat' dir='ltr'>modo</span> <span class='ocrx_word' id='word_1_113' title='bbox 551 2098 686 2144; x_wconf 86' lang='lat' dir='ltr'>errorem</span> <span class='ocrx_word' id='word_1_114' title='bbox 706 2082 834 2161; x_wconf 87' lang='lat' dir='ltr'>propter</span> <span class='ocrx_word' id='word_1_115' title='bbox 854 2078 904 2142; x_wconf 91' lang='lat' dir='ltr'>dei</span> <span class='ocrx_word' id='word_1_116' title='bbox 924 2079 1057 2162; x_wconf 89' lang='lat' dir='ltr'>gratiam</span> <span class='ocrx_word' id='word_1_117' title='bbox 1073 2079 1269 2144; x_wconf 82' lang='lat' dir='ltr'>sustinentes</span> 
     </span>
     <span class='ocr_line' id='line_1_16' title="bbox 95 2185 1313 2272; baseline 0.004 -30"><span class='ocrx_word' id='word_1_118' title='bbox 95 2185 176 2249; x_wconf 86' lang='lat' dir='ltr'>ased</span> <span class='ocrx_word' id='word_1_119' title='bbox 204 2187 321 2270; x_wconf 90' lang='lat' dir='ltr'>ubique</span> <span class='ocrx_word' id='word_1_120' title='bbox 355 2191 462 2251; x_wconf 85' lang='lat' dir='ltr'>uestra</span> <span class='ocrx_word' id='word_1_121' title='bbox 495 2186 620 2251; x_wconf 85' lang='lat' dir='ltr'>decreta</span> <span class='ocrx_word' id='word_1_122' title='bbox 653 2190 821 2251; x_wconf 87' lang='lat' dir='ltr'>sectantes.</span> <span class='ocrx_word' id='word_1_123' title='bbox 854 2185 1005 2250; x_wconf 88' lang='lat' dir='ltr'>flentibus</span> <span class='ocrx_word' id='word_1_124' title='bbox 1029 2188 1148 2272; x_wconf 87' lang='lat' dir='ltr'>autem</span> <span class='ocrx_word' id='word_1_125' title='bbox 1177 2185 1313 2251; x_wconf 86' lang='lat' dir='ltr'>nobis4</span> 
     </span>
     <span class='ocr_line' id='line_1_17' title="bbox 129 2293 1267 2375; baseline 0.002 -22"><span class='ocrx_word' id='word_1_126' title='bbox 129 2296 211 2375; x_wconf 87' lang='lat' dir='ltr'>atque</span> <span class='ocrx_word' id='word_1_127' title='bbox 242 2294 489 2358; x_wconf 83' lang='lat' dir='ltr'>lamentantibus</span> <span class='ocrx_word' id='word_1_128' title='bbox 522 2312 595 2357; x_wconf 89' lang='lat' dir='ltr'>oum</span> <span class='ocrx_word' id='word_1_129' title='bbox 627 2293 689 2371; x_wconf 89' lang='lat' dir='ltr'>his,</span> <span class='ocrx_word' id='word_1_130' title='bbox 718 2294 773 2375; x_wconf 90' lang='lat' dir='ltr'>qui</span> <span class='ocrx_word' id='word_1_131' title='bbox 805 2293 972 2357; x_wconf 87' lang='lat' dir='ltr'>nobiscnm</span> <span class='ocrx_word' id='word_1_132' title='bbox 1002 2293 1105 2357; x_wconf 87' lang='lat' dir='ltr'>relicti</span> <span class='ocrx_word' id='word_1_133' title='bbox 1135 2296 1210 2356; x_wconf 91' lang='lat' dir='ltr'>sunt</span> <span class='ocrx_word' id='word_1_134' title='bbox 1235 2293 1267 2357; x_wconf 92' lang='lat' dir='ltr'>in</span> 
     </span>
     <span class='ocr_line' id='line_1_18' title="bbox 128 2398 1272 2483; baseline 0 -21"><span class='ocrx_word' id='word_1_135' title='bbox 128 2400 259 2477; x_wconf 83' lang='lat' dir='ltr'>paroecia</span> <span class='ocrx_word' id='word_1_136' title='bbox 287 2399 505 2477; x_wconf 79' lang='lat' dir='ltr'>comministri,</span> <span class='ocrx_word' id='word_1_137' title='bbox 535 2400 606 2482; x_wconf 90' lang='lat' dir='ltr'>quis</span> <span class='ocrx_word' id='word_1_138' title='bbox 634 2399 738 2483; x_wconf 87' lang='lat' dir='ltr'>possit</span> <span class='ocrx_word' id='word_1_139' title='bbox 768 2399 806 2463; x_wconf 92' lang='lat' dir='ltr'>de</span> <span class='ocrx_word' id='word_1_140' title='bbox 833 2398 1015 2465; x_wconf 80' lang='lat' dir='ltr'>orthodoxis</span> <span class='ocrx_word' id='word_1_141' title='bbox 1038 2404 1124 2463; x_wconf 87' lang='lat' dir='ltr'>recte</span> <span class='ocrx_word' id='word_1_142' title='bbox 1151 2398 1272 2463; x_wconf 83' lang='lat' dir='ltr'>Christi</span> 
     </span>
     <span class='ocr_line' id='line_1_19' title="bbox 129 2501 1270 2592; baseline 0.003 -25"><span class='ocrx_word' id='word_1_143' title='bbox 129 2521 195 2570; x_wconf 90' lang='lat' dir='ltr'>oues</span> <span class='ocrx_word' id='word_1_144' title='bbox 221 2507 406 2592; x_wconf 83' lang='lat' dir='ltr'>transigere,</span> <span class='ocrx_word' id='word_1_145' title='bbox 432 2507 486 2590; x_wconf 91' lang='lat' dir='ltr'>qui</span> <span class='ocrx_word' id='word_1_146' title='bbox 510 2508 691 2572; x_wconf 89' lang='lat' dir='ltr'>consolatur</span> <span class='ocrx_word' id='word_1_147' title='bbox 714 2507 863 2586; x_wconf 87' lang='lat' dir='ltr'>humiles,</span> <span class='ocrx_word' id='word_1_148' title='bbox 889 2501 1072 2572; x_wconf 87' lang='lat' dir='ltr'>consolatus</span> <span class='ocrx_word' id='word_1_149' title='bbox 1096 2509 1147 2571; x_wconf 92' lang='lat' dir='ltr'>est</span> <span class='ocrx_word' id='word_1_150' title='bbox 1173 2506 1270 2570; x_wconf 88' lang='lat' dir='ltr'>etiam</span> 
     </span>
     <span class='ocr_line' id='line_1_20' title="bbox 128 2611 1268 2697; baseline 0.002 -24"><span class='ocrx_word' id='word_1_151' title='bbox 128 2629 176 2676; x_wconf 86' lang='lat' dir='ltr'>nos</span> <span class='ocrx_word' id='word_1_152' title='bbox 198 2633 250 2697; x_wconf 90' lang='lat' dir='ltr'>per</span> <span class='ocrx_word' id='word_1_153' title='bbox 273 2617 397 2678; x_wconf 87' lang='lat' dir='ltr'>uestras</span> <span class='ocrx_word' id='word_1_154' title='bbox 423 2613 591 2692; x_wconf 87' lang='lat' dir='ltr'>orationes,</span> <span class='ocrx_word' id='word_1_155' title='bbox 616 2613 835 2678; x_wconf 89' lang='lat' dir='ltr'>demonstrans</span> <span class='ocrx_word' id='word_1_156' title='bbox 859 2613 1121 2696; x_wconf 88' lang='lat' dir='ltr'>metropolitanae</span> <span class='ocrx_word' id='word_1_157' title='bbox 1141 2611 1268 2677; x_wconf 85' lang='lat' dir='ltr'>ciuitati</span> 
     </span>
     <span class='ocr_line' id='line_1_21' title="bbox 91 2717 1269 2802; baseline 0.006 -25"><span class='ocrx_word' id='word_1_158' title='bbox 91 2739 113 2777; x_wconf 79' lang='lat' dir='ltr'>a</span> <span class='ocrx_word' id='word_1_159' title='bbox 128 2717 156 2781; x_wconf 88' lang='lat' dir='ltr'>iu</span> <span class='ocrx_word' id='word_1_160' title='bbox 177 2721 296 2784; x_wconf 88' lang='lat' dir='ltr'>cunctis</span> <span class='ocrx_word' id='word_1_161' title='bbox 322 2720 561 2785; x_wconf 88' lang='lat' dir='ltr'>sanctissimum</span> <span class='ocrx_word' id='word_1_162' title='bbox 585 2721 767 2798; x_wconf 85' lang='lat' dir='ltr'>Iohannem,</span> <span class='ocrx_word' id='word_1_163' title='bbox 792 2721 845 2801; x_wconf 89' lang='lat' dir='ltr'>qui</span> <span class='ocrx_word' id='word_1_164' title='bbox 870 2739 888 2784; x_wconf 91' lang='lat' dir='ltr'>a</span> <span class='ocrx_word' id='word_1_165' title='bbox 909 2719 1049 2802; x_wconf 81' lang='lat' dir='ltr'>pueritia</span> <span class='ocrx_word' id='word_1_166' title='bbox 1077 2721 1108 2783; x_wconf 91' lang='lat' dir='ltr'>in</span> <span class='ocrx_word' id='word_1_167' title='bbox 1133 2720 1269 2784; x_wconf 89' lang='lat' dir='ltr'>ecclesia</span> 
     </span>
     <span class='ocr_line' id='line_1_22' title="bbox 129 2823 1269 2911; baseline 0.004 -25"><span class='ocrx_word' id='word_1_168' title='bbox 129 2823 187 2888; x_wconf 91' lang='lat' dir='ltr'>sine</span> <span class='ocrx_word' id='word_1_169' title='bbox 213 2829 305 2908; x_wconf 87' lang='lat' dir='ltr'>eulpa</span> <span class='ocrx_word' id='word_1_170' title='bbox 333 2827 483 2906; x_wconf 89' lang='lat' dir='ltr'>nutritus,</span> <span class='ocrx_word' id='word_1_171' title='bbox 512 2827 610 2891; x_wconf 91' lang='lat' dir='ltr'>immo</span> <span class='ocrx_word' id='word_1_172' title='bbox 637 2827 843 2891; x_wconf 87' lang='lat' dir='ltr'>laudabiliter</span> <span class='ocrx_word' id='word_1_173' title='bbox 869 2827 901 2890; x_wconf 91' lang='lat' dir='ltr'>in</span> <span class='ocrx_word' id='word_1_174' title='bbox 934 2845 970 2890; x_wconf 90' lang='lat' dir='ltr'>ea</span> <span class='ocrx_word' id='word_1_175' title='bbox 1002 2826 1133 2911; x_wconf 90' lang='lat' dir='ltr'>degens,</span> <span class='ocrx_word' id='word_1_176' title='bbox 1157 2826 1202 2890; x_wconf 88' lang='lat' dir='ltr'>ita</span> <span class='ocrx_word' id='word_1_177' title='bbox 1232 2829 1269 2890; x_wconf 92' lang='lat' dir='ltr'>ut</span> 
     </span>
     <span class='ocr_line' id='line_1_23' title="bbox 128 2933 1267 3016; baseline 0.004 -24"><span class='ocrx_word' id='word_1_178' title='bbox 128 2949 218 3012; x_wconf 85' lang='lat' dir='ltr'>neque</span> <span class='ocrx_word' id='word_1_179' title='bbox 245 2953 317 2996; x_wconf 88' lang='lat' dir='ltr'>eum</span> <span class='ocrx_word' id='word_1_180' title='bbox 345 2933 377 2997; x_wconf 93' lang='lat' dir='ltr'>in</span> <span class='ocrx_word' id='word_1_181' title='bbox 407 2933 465 2998; x_wconf 90' lang='lat' dir='ltr'>hac</span> <span class='ocrx_word' id='word_1_182' title='bbox 496 2933 664 3016; x_wconf 87' lang='lat' dir='ltr'>quisquam</span> <span class='ocrx_word' id='word_1_183' title='bbox 692 2933 835 2998; x_wconf 92' lang='lat' dir='ltr'>moribus</span> <span class='ocrx_word' id='word_1_184' title='bbox 865 2933 1044 3010; x_wconf 87' lang='lat' dir='ltr'>antecellat,</span> <span class='ocrx_word' id='word_1_185' title='bbox 1069 2933 1136 2998; x_wconf 87' lang='lat' dir='ltr'>zelo</span> <span class='ocrx_word' id='word_1_186' title='bbox 1161 2935 1267 2996; x_wconf 91' lang='lat' dir='ltr'>autem</span> 
     </span>
     <span class='ocr_line' id='line_1_24' title="bbox 129 3037 1266 3124; baseline 0.004 -26"><span class='ocrx_word' id='word_1_187' title='bbox 129 3037 203 3101; x_wconf 90' lang='lat' dir='ltr'>circa</span> <span class='ocrx_word' id='word_1_188' title='bbox 237 3039 453 3104; x_wconf 80' lang='lat' dir='ltr'>orthodoxiam</span> <span class='ocrx_word' id='word_1_189' title='bbox 491 3041 578 3105; x_wconf 81' lang='lat' dir='ltr'>iuxta</span> <span class='ocrx_word' id='word_1_190' title='bbox 621 3040 813 3124; x_wconf 86' lang='lat' dir='ltr'>apostoliens</span> <span class='ocrx_word' id='word_1_191' title='bbox 857 3039 1099 3104; x_wconf 87' lang='lat' dir='ltr'>ammonitiones</span> <span class='ocrx_word' id='word_1_192' title='bbox 1141 3043 1266 3103; x_wconf 89' lang='lat' dir='ltr'>uestras</span> 
     </span>
     <span class='ocr_line' id='line_1_25' title="bbox 129 3144 1312 3230; baseline 0.005 -26"><span class='ocrx_word' id='word_1_193' title='bbox 129 3144 201 3208; x_wconf 91' lang='lat' dir='ltr'>nulli</span> <span class='ocrx_word' id='word_1_194' title='bbox 222 3147 345 3210; x_wconf 92' lang='lat' dir='ltr'>omnino</span> <span class='ocrx_word' id='word_1_195' title='bbox 371 3145 513 3211; x_wconf 89' lang='lat' dir='ltr'>cedente.</span> <span class='ocrx_word' id='word_1_196' title='bbox 541 3147 624 3210; x_wconf 91' lang='lat' dir='ltr'>hune</span> <span class='ocrx_word' id='word_1_197' title='bbox 648 3166 722 3230; x_wconf 92' lang='lat' dir='ltr'>ergo</span> <span class='ocrx_word' id='word_1_198' title='bbox 749 3145 798 3209; x_wconf 88' lang='lat' dir='ltr'>dei</span> <span class='ocrx_word' id='word_1_199' title='bbox 822 3145 1023 3229; x_wconf 89' lang='lat' dir='ltr'>prouidentia</span> <span class='ocrx_word' id='word_1_200' title='bbox 1048 3145 1265 3210; x_wconf 89' lang='lat' dir='ltr'>ordinauimus</span> <span class='ocrx_word' id='word_1_201' title='bbox 1291 3147 1312 3210; x_wconf 81' lang='lat'>5</span> 
     </span>
     <span class='ocr_line' id='line_1_26' title="bbox 92 3251 1266 3336; baseline 0.001 -22"><span class='ocrx_word' id='word_1_202' title='bbox 92 3269 115 3307; x_wconf 79' lang='lat' dir='ltr'>a</span> <span class='ocrx_word' id='word_1_203' title='bbox 130 3253 294 3329; x_wconf 87' lang='lat' dir='ltr'>praesulem</span> <span class='ocrx_word' id='word_1_204' title='bbox 317 3253 613 3336; x_wconf 87' lang='lat' dir='ltr'>Nicopolitanorum</span> <span class='ocrx_word' id='word_1_205' title='bbox 638 3253 860 3317; x_wconf 83' lang='lat' dir='ltr'>sanctissimae</span> <span class='ocrx_word' id='word_1_206' title='bbox 885 3251 1037 3317; x_wconf 87' lang='lat' dir='ltr'>ecclcsiae</span> <span class='ocrx_word' id='word_1_207' title='bbox 1057 3256 1089 3315; x_wconf 90' lang='lat' dir='ltr'>et</span> <span class='ocrx_word' id='word_1_208' title='bbox 1106 3270 1266 3336; x_wconf 87' lang='lat' dir='ltr'>rogamus,</span> 
     </span>
     <span class='ocr_line' id='line_1_27' title="bbox 131 3357 1298 3441; baseline 0.002 -23"><span class='ocrx_word' id='word_1_209' title='bbox 131 3358 162 3420; x_wconf 86' lang='lat' dir='ltr'>ut</span> <span class='ocrx_word' id='word_1_210' title='bbox 184 3357 264 3423; x_wconf 85' lang='lat' dir='ltr'>iuxta</span> <span class='ocrx_word' id='word_1_211' title='bbox 287 3359 450 3440; x_wconf 88' lang='lat' dir='ltr'>antiquam</span> <span class='ocrx_word' id='word_1_212' title='bbox 475 3359 736 3424; x_wconf 87' lang='lat' dir='ltr'>consuetudinem</span> <span class='ocrx_word' id='word_1_213' title='bbox 760 3360 990 3440; x_wconf 88' lang='lat' dir='ltr'>huncquoque</span> <span class='ocrx_word' id='word_1_214' title='bbox 1010 3357 1267 3441; x_wconf 89' lang='lat' dir='ltr'>complectamini</span> <span class='ocrx_word' id='word_1_215' title='bbox 1295 3425 1298 3428; x_wconf 58' lang='grc'><em>,</em></span> 
     </span>
     <span class='ocr_line' id='line_1_28' title="bbox 131 3445 1268 3547; baseline 0.002 -23"><span class='ocrx_word' id='word_1_216' title='bbox 131 3464 255 3540; x_wconf 87' lang='lat' dir='ltr'>paternis</span> <span class='ocrx_word' id='word_1_217' title='bbox 291 3445 470 3530; x_wconf 81' lang='lat' dir='ltr'>uisceribus</span> <span class='ocrx_word' id='word_1_218' title='bbox 508 3465 624 3530; x_wconf 88' lang='lat' dir='ltr'>uestris</span> <span class='ocrx_word' id='word_1_219' title='bbox 661 3465 816 3547; x_wconf 88' lang='lat' dir='ltr'>nobisque</span> <span class='ocrx_word' id='word_1_220' title='bbox 855 3468 950 3546; x_wconf 90' lang='lat' dir='ltr'>atque</span> <span class='ocrx_word' id='word_1_221' title='bbox 987 3464 1049 3547; x_wconf 91' lang='lat' dir='ltr'>ipsi</span> <span class='ocrx_word' id='word_1_222' title='bbox 1083 3463 1133 3527; x_wconf 90' lang='lat' dir='ltr'>dei</span> <span class='ocrx_word' id='word_1_223' title='bbox 1165 3463 1268 3547; x_wconf 90' lang='lat' dir='ltr'>gratia</span> 
     </span>
    </p>
   </div>
   <div class='ocr_carea' id='block_1_3' title="bbox 132 3838 1265 4297">
    <p class='ocr_par' dir='ltr' id='par_1_3' title="bbox 132 3838 1265 4297">
     <span class='ocr_line' id='line_1_29' title="bbox 166 3838 1264 3944; baseline 0.005 -22"><span class='ocrx_word' id='word_1_224' title='bbox 166 3870 310 3928; x_wconf 86' lang='lat' dir='ltr'>liobannis</span> <span class='ocrx_word' id='word_1_225' title='bbox 329 3875 455 3928; x_wconf 88' lang='lat' dir='ltr'>matheus</span> <span class='ocrx_word' id='word_1_226' title='bbox 475 3893 492 3926; x_wconf 91' lang='grc' dir='ltr'><strong><em>α</em></strong></span> <span class='ocrx_word' id='word_1_227' title='bbox 537 3873 690 3942; x_wconf 73' lang='lat' dir='ltr'>2hylarius</span> <span class='ocrx_word' id='word_1_228' title='bbox 711 3894 728 3927; x_wconf 90' lang='grc' dir='ltr'><strong><em>α</em></strong></span> <span class='ocrx_word' id='word_1_229' title='bbox 788 3874 919 3944; x_wconf 89' lang='lat' dir='ltr'>crisippus</span> <span class='ocrx_word' id='word_1_230' title='bbox 939 3893 956 3925; x_wconf 91' lang='grc' dir='ltr'>α</span> <span class='ocrx_word' id='word_1_231' title='bbox 1009 3838 1089 3942; x_wconf 62' lang='lat' dir='ltr'>pieriis</span> <span class='ocrx_word' id='word_1_232' title='bbox 1110 3893 1128 3926; x_wconf 89' lang='grc' dir='ltr'>α</span> <span class='ocrx_word' id='word_1_233' title='bbox 1182 3876 1264 3927; x_wconf 78' lang='lat' dir='ltr'>buc·</span> 
     </span>
     <span class='ocr_line' id='line_1_30' title="bbox 132 3957 1263 4030; baseline 0.004 -18"><span class='ocrx_word' id='word_1_234' title='bbox 132 3957 187 4012; x_wconf 77' lang='lat' dir='ltr'>stris</span> <span class='ocrx_word' id='word_1_235' title='bbox 204 3980 227 4025; x_wconf 82' lang='lat' dir='ltr'>n,</span> <span class='ocrx_word' id='word_1_236' title='bbox 245 3979 311 4017; x_wconf 81' lang='lat' dir='ltr'>corr.</span> <span class='ocrx_word' id='word_1_237' title='bbox 331 3961 358 4016; x_wconf 70' lang='grc' dir='ltr'>ο2</span> <span class='ocrx_word' id='word_1_238' title='bbox 412 3963 561 4016; x_wconf 82' lang='lat' dir='ltr'>‘lhilarius</span> <span class='ocrx_word' id='word_1_239' title='bbox 581 3981 594 4014; x_wconf 87' lang='lat' dir='ltr'>n</span> <span class='ocrx_word' id='word_1_240' title='bbox 614 3969 639 4015; x_wconf 84' lang='lat' dir='ltr'>et</span> <span class='ocrx_word' id='word_1_241' title='bbox 659 3981 675 4012; x_wconf 87' lang='grc' dir='ltr'><strong><em>α</em></strong></span> <span class='ocrx_word' id='word_1_242' title='bbox 693 3979 767 4019; x_wconf 80' lang='lat' dir='ltr'>onan.</span> <span class='ocrx_word' id='word_1_243' title='bbox 782 3970 855 4030; x_wconf 82' lang='lat' dir='ltr'>poet.</span> <span class='ocrx_word' id='word_1_244' title='bbox 914 3964 944 4016; x_wconf 94' lang='lat' dir='ltr'>ll</span> <span class='ocrx_word' id='word_1_245' title='bbox 966 3962 1038 4016; x_wconf 89' lang='lat' dir='ltr'>sedis</span> <span class='ocrx_word' id='word_1_246' title='bbox 1058 3981 1083 4026; x_wconf 88' lang='grc' dir='ltr'>α,</span> <span class='ocrx_word' id='word_1_247' title='bbox 1103 3978 1172 4016; x_wconf 90' lang='lat' dir='ltr'>corr.</span> <span class='ocrx_word' id='word_1_248' title='bbox 1192 3963 1263 4017; x_wconf 86' lang='lat' dir='ltr'>Bar.</span> 
     </span>
     <span class='ocr_line' id='line_1_31' title="bbox 134 4045 1264 4120; baseline 0.005 -24"><span class='ocrx_word' id='word_1_249' title='bbox 134 4045 163 4097; x_wconf 88' lang='lat'>13</span> <span class='ocrx_word' id='word_1_250' title='bbox 179 4051 312 4114; x_wconf 79' lang='lat' dir='ltr'>recentia,</span> <span class='ocrx_word' id='word_1_251' title='bbox 332 4052 452 4105; x_wconf 69' lang='lat' dir='ltr'>correxi:</span> <span class='ocrx_word' id='word_1_252' title='bbox 470 4050 575 4104; x_wconf 87' lang='lat' dir='ltr'>detenti</span> <span class='ocrx_word' id='word_1_253' title='bbox 597 4051 677 4104; x_wconf 78' lang='lat' dir='ltr'>Toiel</span> <span class='ocrx_word' id='word_1_254' title='bbox 757 4052 789 4105; x_wconf 82' lang='lat'>15</span> <span class='ocrx_word' id='word_1_255' title='bbox 808 4051 1011 4114; x_wconf 66' lang='lat' dir='ltr'>uobiseacorr.</span> <span class='ocrx_word' id='word_1_256' title='bbox 1030 4050 1057 4102; x_wconf 74' lang='grc' dir='ltr'>ο2</span> <span class='ocrx_word' id='word_1_257' title='bbox 1135 4052 1166 4104; x_wconf 80' lang='grc'>17</span> <span class='ocrx_word' id='word_1_258' title='bbox 1186 4067 1264 4120; x_wconf 90' lang='lat' dir='ltr'>paro·</span> 
     </span>
     <span class='ocr_line' id='line_1_32' title="bbox 135 4134 1265 4208; baseline 0.004 -23"><span class='ocrx_word' id='word_1_259' title='bbox 135 4134 213 4188; x_wconf 75' lang='lat' dir='ltr'>etiae</span> <span class='ocrx_word' id='word_1_260' title='bbox 279 4141 313 4193; x_wconf 79' lang='lat'>22</span> <span class='ocrx_word' id='word_1_261' title='bbox 332 4139 383 4193; x_wconf 88' lang='lat' dir='ltr'>bac</span> <span class='ocrx_word' id='word_1_262' title='bbox 402 4141 449 4208; x_wconf 82' lang='lat' dir='ltr'>(ec.</span> <span class='ocrx_word' id='word_1_263' title='bbox 468 4139 589 4208; x_wconf 78' lang='lat' dir='ltr'>eeclesia)</span> <span class='ocrx_word' id='word_1_264' title='bbox 610 4158 639 4193; x_wconf 83' lang='lat' dir='ltr'>a:</span> <span class='ocrx_word' id='word_1_265' title='bbox 664 4140 705 4194; x_wconf 89' lang='lat' dir='ltr'>his</span> <span class='ocrx_word' id='word_1_266' title='bbox 725 4140 795 4194; x_wconf 86' lang='lat' dir='ltr'>Bar.</span> <span class='ocrx_word' id='word_1_267' title='bbox 886 4141 1005 4194; x_wconf 87' lang='lat' dir='ltr'>moribus</span> <span class='ocrx_word' id='word_1_268' title='bbox 1023 4137 1135 4206; x_wconf 76' lang='lat' dir='ltr'>scripsi:</span> <span class='ocrx_word' id='word_1_269' title='bbox 1158 4143 1265 4207; x_wconf 86' lang='lat' dir='ltr'>tempo·</span> 
     </span>
     <span class='ocr_line' id='line_1_33' title="bbox 133 4219 1262 4297; baseline 0.006 -25"><span class='ocrx_word' id='word_1_270' title='bbox 133 4219 197 4276; x_wconf 87' lang='lat' dir='ltr'>ribus</span> <span class='ocrx_word' id='word_1_271' title='bbox 214 4244 230 4277; x_wconf 85' lang='lat' dir='ltr'>u</span> <span class='ocrx_word' id='word_1_272' title='bbox 246 4227 314 4282; x_wconf 87' lang='lat' dir='ltr'>Bar.</span> <span class='ocrx_word' id='word_1_273' title='bbox 376 4227 444 4296; x_wconf 87' lang='lat' dir='ltr'>zelo]</span> <span class='ocrx_word' id='word_1_274' title='bbox 462 4229 562 4297; x_wconf 80' lang='lat' dir='ltr'>iocapit</span> <span class='ocrx_word' id='word_1_275' title='bbox 579 4245 676 4283; x_wconf 77' lang='lat' dir='ltr'>carsae</span> <span class='ocrx_word' id='word_1_276' title='bbox 694 4234 773 4282; x_wconf 78' lang='lat' dir='ltr'>aelus</span> <span class='ocrx_word' id='word_1_277' title='bbox 791 4230 931 4297; x_wconf 74' lang='lat' dir='ltr'>cereptum</span> <span class='ocrx_word' id='word_1_278' title='bbox 950 4228 1129 4296; x_wconf 79' lang='lat' dir='ltr'>V(sol.114)</span> <span class='ocrx_word' id='word_1_279' title='bbox 1173 4227 1262 4280; x_wconf 70' lang='lat' dir='ltr'>saor-</span> 
     </span>
    </p>
   </div>
   <div class='ocr_carea' id='block_1_4' title="bbox 134 4307 1264 4454">
    <p class='ocr_par' dir='ltr' id='par_1_4' title="bbox 134 4307 1264 4454">
     <span class='ocr_line' id='line_1_34' title="bbox 134 4307 1264 4386; baseline 0.007 -26"><span class='ocrx_word' id='word_1_280' title='bbox 134 4307 247 4368; x_wconf 86' lang='lat' dir='ltr'>thodnxia</span> <span class='ocrx_word' id='word_1_281' title='bbox 268 4316 299 4382; x_wconf 87' lang='lat' dir='ltr'>V,</span> <span class='ocrx_word' id='word_1_282' title='bbox 318 4331 386 4370; x_wconf 79' lang='lat' dir='ltr'>corr.</span> <span class='ocrx_word' id='word_1_283' title='bbox 409 4315 488 4370; x_wconf 81' lang='lat' dir='ltr'>Tlriel</span> <span class='ocrx_word' id='word_1_284' title='bbox 541 4316 707 4372; x_wconf 78' lang='lat' dir='ltr'>accedente</span> <span class='ocrx_word' id='word_1_285' title='bbox 731 4317 767 4371; x_wconf 82' lang='lat' dir='ltr'>V:</span> <span class='ocrx_word' id='word_1_286' title='bbox 788 4318 885 4371; x_wconf 85' lang='lat' dir='ltr'>cedens</span> <span class='ocrx_word' id='word_1_287' title='bbox 904 4319 973 4372; x_wconf 85' lang='lat' dir='ltr'>Bar.</span> <span class='ocrx_word' id='word_1_288' title='bbox 1029 4316 1207 4386; x_wconf 66' lang='lat' dir='ltr'>repraestare</span> <span class='ocrx_word' id='word_1_289' title='bbox 1231 4314 1264 4377; x_wconf 85' lang='lat' dir='ltr'>V,</span> 
     </span>
     <span class='ocr_line' id='line_1_35' title="bbox 134 4401 235 4454; baseline 0.05 -6"><span class='ocrx_word' id='word_1_290' title='bbox 134 4411 192 4454; x_wconf 84' lang='lat' dir='ltr'>corr.</span> <span class='ocrx_word' id='word_1_291' title='bbox 210 4401 235 4452; x_wconf 75' lang='grc' dir='ltr'>ο2</span> 
     </span>
    </p>
   </div>
   <div class='ocr_carea' id='block_1_5' title="bbox 178 4510 1191 4578">
    <p class='ocr_par' dir='ltr' id='par_1_5' title="bbox 178 4510 1191 4578">
     <span class='ocr_line' id='line_1_36' title="bbox 178 4510 1191 4578; baseline 0 -14"><span class='ocrx_word' id='word_1_292' title='bbox 178 4525 251 4568; x_wconf 80' lang='lat' dir='ltr'>xxxv</span> <span class='ocrx_word' id='word_1_293' title='bbox 265 4539 319 4578; x_wconf 65' lang='lat' dir='ltr'>par·</span> <span class='ocrx_word' id='word_1_294' title='bbox 334 4531 353 4570; x_wconf 82' lang='lat' dir='ltr'>a.</span> <span class='ocrx_word' id='word_1_295' title='bbox 1155 4510 1191 4565; x_wconf 77' lang='lat'>34</span> 
     </span>
    </p>
   </div>
   <div class='ocr_carea' id='block_1_6' title="bbox 0 0 1518 4975">
    <p class='ocr_par' dir='ltr' id='par_1_6' title="bbox 0 0 1518 4975">
     <span class='ocr_line' id='line_1_37' title="bbox 0 0 1518 4975; baseline 0 4"><span class='ocrx_word' id='word_1_296' title='bbox 0 0 1518 4975; x_wconf 95' lang='lat' dir='ltr'> </span> 
     </span>
    </p>
   </div>
  </div>
 </body>
</html>
