3025 4975
450 404 538 473 Epist.
557 403 716 459 orarum
728 384 772 459 '14
791 435 825 445 -
846 403 889 459 cn
909 404 933 462 e.
1204 408 1268 473 599

140 599 204 681 ipse,
226 600 357 664 unitatis
385 618 482 664 causa
508 598 585 682 quid
612 598 732 683 exigat3
763 598 826 663 sois
850 599 930 681 ipse,
956 618 1018 681 qua
1040 599 1094 663 uia
1117 598 1157 663 ad
1185 599 1269 664 beati

138 704 210 769 Petri
238 706 375 791 apostoli
402 706 517 771 debeas
544 706 653 770 uenire
682 704 887 772 consortium.
923 706 1020 769 habes
1058 705 1181 770 itineris
1219 706 1269 770 tui

137 811 242 889 ducem,
270 832 368 895 quem
391 816 423 877 te
446 812 509 877 iam
534 812 625 895 sequi
654 811 782 889 asseris,
809 811 1008 879 Chalcedone
1037 812 1183 877 habitum
1211 830 1267 896 pro

135 918 272 1003 religione
311 922 516 984 conuentum.
552 918 616 983 iam
648 922 681 983 te
714 936 852 1001 quoque,
886 918 970 1000 quod
1002 918 1086 982 idem
1119 918 1269 1002 amplecti

112 1028 256 1091 electatus
275 1044 322 1103 es,
339 1024 426 1089 beati
443 1024 559 1089 Leonis
578 1024 765 1089 redeuntem
785 1025 902 1109 dogma
921 1024 1134 1089 comitabitur.
1190 1025 1269 1089 haec
1293 1024 1313 1089 5

134 1131 156 1195 si
183 1133 317 1215 placent,
350 1132 459 1197 Aeacii
493 1131 635 1196 defensio
669 1132 810 1196 damnati
842 1151 904 1195 non
937 1133 1078 1215 placeat:
1115 1132 1175 1197 hoc
1209 1134 1268 1209 est,

133 1239 205 1321 quod
227 1240 303 1304 boni
327 1238 427 1303 studii
451 1258 469 1303 a
491 1238 685 1322 perfectione
709 1240 786 1303 uota
814 1238 989 1321 suspendit.
1015 1238 1062 1303 sic
1086 1241 1161 1303 sunt
1184 1239 1269 1303 enim

132 1344 179 1409 illa
199 1345 371 1409 aduersum
395 1344 445 1408 dei
470 1348 503 1408 et
524 1344 607 1428 legis
632 1344 700 1407 eius
724 1342 870 1409 inimicos
894 1343 1123 1409 uenerabilium
1143 1349 1267 1428 patrum

132 1450 366 1535 congregatione
394 1450 560 1534 disposita,
590 1454 626 1514 ut
649 1450 796 1532 quisquis
825 1470 879 1516 cos
909 1450 1130 1515 communione
1159 1471 1268 1535 seque-

100 1563 217 1637 orctur,
239 1559 304 1623 iam
327 1562 405 1622 tuno
432 1558 530 1622 latam
554 1556 677 1621 subiret
699 1557 730 1621 in
755 1575 814 1621 sua
838 1556 1039 1621 damnatione
1068 1558 1267 1623 sententiam.

134 1684 185 1729 non
207 1668 281 1729 sunt
302 1665 402 1749 igitur
425 1683 518 1742 noua,
544 1683 623 1747 quae
643 1666 824 1729 constanter
843 1662 1052 1745 exsequimur,
1073 1664 1127 1729 sed
1147 1666 1268 1747 tempo-

135 1770 209 1835 ribus
231 1772 296 1835 illis
320 1772 406 1835 facta
428 1770 547 1835 iudicia
569 1769 655 1834 insta
678 1775 806 1852 patrum
835 1770 1063 1835 constitutione
1091 1789 1267 1836 cernamus.

135 1877 284 1942 hortamur
301 1878 422 1960 itaque,
437 1878 543 1955 frater,
560 1879 591 1941 et
605 1882 744 1941 mentem
759 1880 846 1940 tuam
864 1876 914 1940 dei
933 1876 1034 1940 nostri
1053 1876 1269 1943 misericordia
1292 1882 1312 1943 6

136 1984 292 2049 adiuuante
319 1983 498 2067 pulsamus,
523 1987 560 2047 ut
583 1984 621 2046 ab
651 1983 736 2047 omni
760 1987 792 2047 te
821 1984 1053 2049 haereticorum
1082 1984 1268 2069 contagione

103 2090 273 2155 rrhcacium
302 2111 377 2156 cum
409 2091 600 2173 sequacibus
629 2090 696 2155 suis
726 2089 962 2155 condemnando
993 2090 1177 2174 disiungens
1205 2109 1269 2153 una

134 2197 286 2262 nobiscum
301 2197 453 2262 dominici
469 2198 608 2279 corporis
622 2197 865 2279 participatione
884 2198 1035 2281 pascaris.
1056 2198 1083 2261 si
1102 2196 1267 2261 nobiscum

134 2303 270 2369 uniuersa
300 2304 477 2386 praedicas,
511 2324 567 2369 cur
593 2303 760 2368 nobiscum
788 2323 848 2367 non
878 2304 1028 2369 uniuersa
1056 2304 1267 2369 condemnas?

134 2413 199 2474 tuno
212 2412 292 2475 enim
306 2411 486 2488 nobiscum,
502 2429 582 2494 quae
597 2429 796 2486 ueneremur,
816 2410 1028 2496 amplecteris,
1049 2410 1076 2475 si
1090 2410 1266 2485 nobiscum,

134 2535 202 2598 quae
225 2518 429 2592 detestamur,
453 2518 622 2582 horrueris.
647 2537 707 2600 pax
729 2517 855 2601 integra
873 2519 975 2583 nescit
994 2518 1134 2601 aliquam
1151 2520 1267 2582 habere

100 2621 304 2689 indistantiam
333 2624 483 2689 etunius
507 2623 557 2688 dei
584 2643 661 2688 uera
684 2642 754 2688 esse
778 2643 838 2688 non
863 2629 969 2708 potest
996 2624 1058 2690 nisi
1086 2626 1117 2688 in
1147 2626 1268 2689 confes-

133 2730 219 2796 sionis
252 2731 373 2795 nnitate
411 2731 545 2796 cultura.
615 2735 808 2814 quapropter
841 2731 1017 2797 salutantes
1050 2735 1081 2797 te
1113 2732 1310 2798 fraternae?

133 2838 261 2904 caritatis
285 2839 401 2903 affectu
424 2838 609 2920 petitionem
632 2841 721 2903 tuam
744 2837 864 2916 missis,
890 2839 975 2904 sicut
998 2840 1143 2922 sperasti,
1163 2837 1269 2922 religi-

134 2943 278 3009 osissimis
301 2945 381 3009 uiris
406 2943 561 3009 Gennano
586 2948 617 3008 et
639 2943 778 3009 Iohanne
803 2945 974 3029 episcopis,
998 2945 1104 3011 Felice
1125 2945 1267 3022 diacono,

133 3049 273 3116 Dioscoro
298 3051 429 3116 diacono
454 3053 548 3132 atque
562 3050 684 3116 Blando
704 3051 888 3135 presbytero
910 3052 1074 3136 signamus
1095 3071 1165 3117 esse
1186 3071 1269 3116 oom-

100 3157 249 3238 apletnm.
299 3157 336 3221 hi
372 3175 448 3221 uero
492 3157 607 3239 quibus
641 3155 760 3220 fuerint
795 3155 954 3222 mandatis
996 3157 1155 3234 instructi,
1198 3160 1269 3222 ante

134 3263 328 3348 allegationes
359 3283 478 3342 eorum,
503 3263 531 3327 si
554 3263 688 3348 cogites,
714 3261 876 3329 euidenter
905 3283 1068 3348 agnosces.
1098 3265 1131 3328 hi
1159 3283 1270 3348 paoem

134 3373 210 3435 tuam
233 3372 292 3436 sub
317 3387 364 3447 ea,
390 3389 452 3453 qua
476 3389 570 3452 saepe
594 3369 828 3451 rescripsimus,
857 3372 1053 3454 professione
1083 3372 1268 3454 suscipient.

132 3477 218 3560 imple
247 3497 336 3564 ergo,
367 3477 463 3542 frater
489 3476 668 3555 karissime,
697 3467 850 3562 gaudium
878 3480 1021 3542 nostrum
1049 3482 1082 3543 et
1108 3481 1201 3541 tuum
1230 3477 1269 3542 ad
1294 3483 1313 3544 8

133 3602 181 3647 nos
202 3603 257 3667 per
284 3601 341 3648 eos
364 3585 470 3646 rectae
497 3581 572 3647 fidei
600 3585 674 3647 tuae
702 3583 829 3647 remitte
857 3583 1071 3665 praeconium,
1100 3587 1136 3648 ut
1158 3604 1214 3666 per
1237 3590 1269 3648 te

100 3689 279 3762 puniuersis
304 3689 399 3754 detur
422 3691 610 3770 exemplum.

164 3881 175 3934 l
203 3882 253 3936 scis
281 3879 322 3934 0²:
352 3881 390 3934 sis
422 3879 448 3933 V
581 3881 598 3934 3
631 3897 711 3950 quern
740 3879 779 3942 ol:
810 3897 861 3948 quo
895 3879 921 3934 V
1049 3881 1063 3932 7
1093 3881 1131 3934 sic
1158 3881 1269 3949 scripsi:

134 3969 197 4024 siV
299 3971 375 4026 Sila
398 3970 425 4025 V
530 3971 619 4026 adn>
638 3969 825 4024 communione
849 3968 876 4022 o²
985 3971 1017 4022 12
1043 3970 1219 4024 costitucione
1247 3970 1274 4022 V

135 4059 163 4113 16
179 4061 294 4130 poscaris
318 4059 351 4124 V,
372 4075 440 4113 corr.
460 4079 474 4111 o
532 4061 563 4113 19
583 4059 654 4112 nesit
678 4058 710 4123 V,
730 4075 798 4114 corr.
820 4078 836 4112 α
891 4059 924 4112 23
944 4074 982 4126 sq.
999 4057 1160 4112 Gorrnanum
1180 4062 1208 4112 et
1226 4057 1269 4112 Io-

133 4147 238 4203 hannem
266 4150 411 4218 episcopos
434 4147 552 4202 Felicem
581 4147 722 4202 diaconum
749 4149 909 4202 Dioscorum
938 4147 998 4200 diac
1026 4150 1108 4216 atque
1136 4146 1271 4200 Blandum

134 4237 308 4307 presbyterum
333 4236 367 4297 V,
387 4253 455 4292 corr.
476 4235 503 4306 9²
592 4238 628 4292 24
646 4237 831 4308 significamus
852 4236 878 4307 ρ2
960 4236 1095 4308 completa
1116 4235 1148 4298 V,
1168 4251 1271 4304 comp

135 4326 164 4378 'lt
181 4344 306 4396 agnosces
331 4325 358 4379 V
