3025 4975
234 438 299 503 552
393 434 539 489 Hormisda
556 436 722 500 Possessori;
741 436 885 490 Honnisda
905 435 1216 506 Constantinopolitanie

233 630 422 714 ingerentes,
456 633 494 695 ut
525 631 563 695 ab
596 630 767 712 impiorum
805 632 992 715 contagione
1030 634 1167 715 separati
1201 632 1240 697 ad
1272 653 1381 699 nomm

232 736 327 801 fidem
346 736 458 815 isdem,
480 736 596 820 quibus
611 758 680 815 uos,
697 738 800 802 modis
820 742 853 803 et
870 739 1047 821 apostolica
1066 740 1146 804 scita
1165 759 1199 804 se
1219 740 1382 805 conferant

232 847 290 908 aut
317 846 401 908 carte
428 863 489 909 non
517 864 572 910 nos
607 844 745 910 defuisse
779 844 1004 928 praedicationi
1041 846 1099 911 sed
1129 846 1203 911 illos
1233 847 1381 931 propriae

233 950 331 1015 saluti
354 950 491 1015 mundus
516 956 677 1035 agnoscat.

754 1144 863 1230 (131.)
1413 1190 1424 1226 ⁵

275 1286 432 1331 nonrrsna
458 1287 640 1333 aossnssom
667 1289 828 1335 ennecone.
899 1269 1060 1352 Optimam
1088 1272 1214 1335 uestrae
1237 1270 1363 1335 caritati

231 1374 396 1439 audientes
427 1375 610 1441 instantiam
645 1379 677 1440 et
710 1380 938 1461 cognoscentes
970 1382 1075 1442 rectae
1106 1376 1181 1441 fidei
1209 1377 1379 1454 tramitem,

232 1500 326 1562 quern
341 1480 408 1544 sine
423 1482 556 1563 strepitu
572 1480 753 1557 uindicatis,
772 1481 829 1546 deo
849 1484 958 1546 nostro
978 1482 1095 1566 gratias
1115 1482 1183 1546 sine
1203 1482 1381 1547 cessatione

230 1588 456 1668 persoluimus,
489 1590 527 1651 ut
558 1589 590 1651 et
621 1588 653 1652 in
688 1606 724 1651 ea
757 1587 964 1670 dispositione
995 1588 1151 1671 persistas
1184 1592 1217 1653 et
1254 1589 1380 1664 ceteris,

232 1694 316 1775 quod
349 1697 530 1776 sequentur,
564 1694 701 1759 tribuere
733 1694 839 1776 possis
873 1696 1063 1777 exemplum.
1094 1695 1158 1759 ista
1190 1699 1265 1760 sunt
1297 1696 1382 1761 dona
1402 1726 1425 1764 ao

232 1802 391 1879 caelestia,
420 1802 482 1865 ista
510 1805 586 1866 sunt
613 1800 738 1865 diuinae
767 1802 950 1866 tributionis
977 1801 1105 1879 indicia,
1134 1804 1197 1867 ista
1225 1805 1301 1867 sunt
1328 1801 1379 1866 dei

230 1907 358 1985 iudicia,
391 1926 470 1989 quae
502 1910 534 1971 te
568 1926 586 1970 a
618 1906 774 1972 catholico
808 1906 1008 1972 sacerdotnm
1039 1907 1209 1972 noluerunt
1241 1907 1379 1990 separari

186 2014 400 2079 2consortio.
470 2014 563 2091 unde,
595 2015 691 2078 frater
731 2013 910 2091 karissime,
951 2013 1172 2097 praesentibus
1213 2013 1380 2079 hortamur

230 2120 391 2202 alloquiis,
420 2120 516 2184 utin
545 2140 582 2185 ea
610 2121 799 2197 constantia,
829 2140 891 2203 qua
918 2122 1040 2186 electus
1070 2140 1114 2196 es,
1138 2140 1322 2204 perseueres
1347 2128 1380 2186 at

230 2230 401 2310 augmenta
423 2226 641 2309 probabilibus
665 2226 766 2291 initiis
791 2227 1025 2306 subministres,
1050 2228 1125 2310 qnia
1149 2226 1424 2310 bonumopus,1e

230 2333 398 2416 praecipue
427 2333 513 2415 quod
541 2332 579 2398 ad
608 2333 783 2398 doctrinam
811 2332 885 2397 fidei
908 2334 1055 2417 pertinet,
1079 2334 1141 2397 nisi
1166 2353 1291 2418 semper
1313 2354 1378 2399 cre·
1493 2390 1496 2395 .

231 2440 324 2518 uerit,
352 2438 479 2504 uidetur
506 2439 661 2518 imminui,
691 2443 723 2504 et
750 2440 778 2505 si
810 2439 973 2506 tribulatio
1006 2441 1164 2506 mundana
1196 2442 1376 2526 contigerit,

231 2552 304 2613 ante
338 2549 446 2613 oculos
479 2550 604 2612 nostros
637 2547 745 2612 futura
772 2549 911 2630 praemia
937 2553 1088 2632 ponentes
1116 2548 1292 2632 apostolica
1318 2568 1376 2614 nos

232 2654 444 2720 admonitione
486 2656 685 2720 consolemur
725 2655 884 2720 dicentes:
926 2675 994 2719 non
1038 2658 1129 2720 sunt
1169 2655 1377 2740 condignae

230 2762 430 2845 passiones
459 2761 572 2826 huius
602 2763 785 2844 temporis
814 2761 858 2826 ad
885 2761 1052 2825 futuram
1080 2761 1257 2846 gloriam,
1282 2781 1375 2843 qnae
1396 2795 1424 2833 so

187 2869 468 2935 3reuelabitur
504 2869 583 2942 <in>
625 2869 743 2934 nobis.
783 2868 914 2933 meliora
949 2873 1055 2932 tamen
1093 2887 1268 2952 speramns,
1302 2870 1377 2951 qnia

231 2973 321 3051 deus,
342 2975 396 3057 qui
414 2995 470 3058 per
487 2976 615 3041 beatum
636 2975 817 3057 apostolum
836 2974 930 3039 dixit:
956 2974 1018 3056 qui
1042 2994 1109 3040 uos
1133 2994 1204 3039 non
1228 2975 1377 3039 dimisit

230 3082 407 3164 temptari
431 3101 542 3165 super
565 3082 662 3164 quod
685 3081 868 3164 potestis,
892 3082 962 3165 ipse
985 3101 1040 3164 pro
1066 3101 1124 3146 sua
1141 3082 1271 3163 pietate,
1293 3101 1375 3164 qnos

230 3207 305 3252 suos
334 3188 432 3272 elegit
458 3207 539 3266 esse,
569 3191 601 3253 et
628 3188 665 3252 de
693 3188 817 3272 laqueis
846 3188 1099 3252 aduersariorum
1134 3191 1219 3253 sicut
1251 3207 1377 3272 semper

183 3293 205 3354 4
229 3295 350 3379 eripiet.
418 3295 562 3360 libellum
587 3295 767 3361 dilectionis
791 3300 866 3360 tuae
890 3296 928 3360 de
952 3295 1149 3360 confessione
1172 3298 1277 3359 rectae
1301 3294 1376 3358 fidei
1395 3328 1422 3367 es

320 3522 352 3574 19
371 3521 447 3574 Rom.
467 3522 493 3584 8,
513 3522 546 3576 18
601 3523 636 3576 22
656 3522 714 3577 Cor.
735 3522 748 3576 I
770 3523 810 3586 10,
832 3523 865 3576 13

264 3629 403 3697 a'nrsoem
426 3644 452 3699 u
522 3645 575 3698 arta
597 3646 629 3709 V,
648 3662 717 3700 corr.
741 3647 821 3700 roeo

264 3733 329 3790 131.
366 3733 433 3786 Dat.
454 3733 550 3800 (amul
569 3751 628 3788 cum
648 3751 706 3804 epp.
727 3739 968 3795 126.128-130‚
989 3738 1057 3801 132)
1078 3751 1104 3788 a.
1127 3737 1183 3786 517
1202 3733 1246 3786 die
1265 3735 1284 3785 3
1303 3734 1372 3800 Apa.

221 3837 275 3890 per
293 3821 455 3875 Enroodium
474 3829 521 3876 etc.
589 3824 665 3878 Edd.
687 3824 749 3879 Car.
770 3824 801 3876 1²
821 3828 894 3890 466,·
913 3825 982 3876 Bor.
1004 3823 1042 3876 ad
1061 3841 1086 3877 a.
1110 3825 1172 3886 517,
1191 3827 1243 3888 27‚·
1263 3820 1373 3875 Collect.

230 3909 348 3976 donam
365 3910 447 3963 BTA
466 3911 488 3964 I
504 3916 573 3979 401;
595 3913 674 3966 Tiriel
694 3915 763 3966 805.
837 3915 852 3966 6
872 3899 968 3964 nonnis
986 3912 1011 3963 V
1059 3915 1122 3981 lap.
1133 3912 1326 3979 tramitemque
1342 3911 1372 3973 V,

227 4013 296 4052 corr.
317 3997 343 4049 ο2
398 4000 600 4068 9persolnmns
627 4001 653 4064 V,
674 4017 777 4055 corno
821 4003 851 4054 ll
866 4001 1092 4055 <re>tribntionis
1116 4000 1179 4054 Car.
1224 3999 1256 4052 13
1275 3998 1373 4052 fratres

227 4087 362 4140 karissimi
386 4087 417 4152 V,
438 4103 507 4142 corr.
528 4087 555 4158 p²
650 4089 805 4144 lactentes
829 4089 866 4144 V:
886 4107 994 4143 exorsus
1012 4090 1082 4143 Bar.
1166 4088 1198 4142 18
1218 4088 1325 4141 occulos
1350 4088 1378 4140 V

226 4177 242 4229 9
262 4175 431 4229 consolemur
447 4177 537 4231 chc'cl:
557 4177 720 4231 consulimur
743 4177 775 4239 V,
795 4178 963 4232 consolamur
982 4178 1009 4249 p²
1054 4178 1088 4232 20
1107 4177 1195 4247 gloria
1218 4177 1249 4241 V,
1268 4191 1336 4232 corr.
1357 4195 1371 4228 o

226 4265 258 4318 21
279 4265 306 4318 in
328 4265 427 4319 addidi
444 4266 593 4320 secuudum
613 4267 770 4336 Vulgatam,
789 4269 824 4335 cf.
840 4285 872 4336 p.
890 4271 958 4324 550.
977 4272 1018 4322 25
1071 4269 1107 4322 23
1125 4268 1186 4336 ipsa
1204 4265 1237 4330 V,
1255 4281 1325 4320 corr.
1345 4263 1373 4315 οἳ

225 4369 273 4422 par
292 4370 339 4406 sna
357 4354 461 4422 pietate
485 4354 515 4418 V,
535 4370 637 4409 corae
693 4356 726 4408 25
740 4355 824 4424 ¹eripi.
845 4360 871 4408 et
896 4355 926 4418 V,
947 4372 1015 4410 corr.
1036 4355 1063 4424 p²
