3025 4975
484 422 721 493 spissatum
743 452 777 462 -
798 420 922 476 CLXIIII
941 426 965 477 2.
1232 428 1297 492 615

153 620 251 685 sancti
295 620 428 701 spiritus
472 619 650 703 operatione
693 617 872 694 constituit,
915 636 994 700 quae
1037 621 1162 683 tantum
1202 620 1299 685 robur

154 728 293 791 obtinent
331 725 517 791 stabilitatis
554 726 703 802 inuictae,
744 728 901 807 quantum
938 725 1071 790 actionis
1115 726 1299 791 excellentia

153 834 242 898 ionica
266 837 299 897 et
324 832 520 897 admirabilis
545 832 741 895 aestimatur.
814 834 846 894 ct
869 830 940 895 ideo
968 831 1171 895 reuerendam
1198 832 1298 895 uestri
1323 832 1343 894 2

152 940 357 1021 pontificatus
373 939 601 1004 beatitudinem
617 938 707 1002 cultu
727 936 951 1019 reciprocantis
972 937 1102 1019 alloquii
1124 937 1299 1001 salutantes

128 1066 357 1129 squaesumus
396 1050 433 1111 ut
468 1045 572 1129 magis
614 1044 780 1128 magisque
822 1063 878 1126 pro
921 1043 1162 1107 clementissimi
1204 1049 1299 1127 atque

156 1153 359 1217 inuictissimi
378 1152 485 1217 domni
503 1152 604 1217 nostri
622 1151 774 1234 principis
789 1150 998 1233 prosperitate
1014 1168 1100 1214 orare
1116 1150 1299 1234 dignemini,

157 1264 310 1342 quatenus
348 1260 517 1324 ineffabilis
555 1259 781 1342 omnipotentis
820 1258 870 1323 dei
907 1258 1010 1342 pietas
1051 1278 1108 1323 sua
1146 1259 1236 1337 dona,
1268 1259 1300 1323 in

157 1367 269 1450 quibus
304 1368 400 1430 etiam
431 1367 554 1431 fructus
587 1370 714 1430 uestrae
747 1364 984 1451 agricolationis
1018 1365 1176 1444 exuberat,
1204 1367 1301 1430 iustis

157 1473 273 1557 gratiae
312 1473 521 1555 opitulatione
558 1473 729 1546 custodiat,
767 1472 859 1536 nobis
898 1491 1024 1555 quoque
1066 1471 1141 1536 liliis
1183 1472 1301 1537 uestris

122 1606 143 1644 ιο
158 1580 291 1662 spiritali
316 1580 407 1644 uobis
432 1580 659 1663 conglutinatis
679 1578 805 1655 affectu,
827 1598 906 1662 quos
926 1579 1021 1643 huius
1042 1579 1149 1661 operis
1167 1579 1301 1643 manime

159 1706 279 1768 semper
308 1686 492 1750 sollicitudo
522 1686 716 1761 constrinxit,
747 1684 946 1769 suffragatrix
973 1684 1159 1750 intercessio
1189 1685 1303 1749 sancti-

160 1792 254 1857 monii
278 1792 472 1875 pontificalis
496 1792 640 1857 adsistat.

380 2130 539 2173 EXERPLUH
561 2129 732 2174 Epasnonsn
756 2130 909 2173 lt'nlnunu
933 2130 1079 2173 amiclas.

120 2258 142 2298 a
200 2253 319 2299 nonno
342 2253 526 2299 nannrssnro
550 2255 645 2299 naam
669 2254 845 2300 nonnrsonn
869 2254 1004 2297 runrnna
1026 2252 1151 2297 aaroni.
1229 2234 1302 2297 Pre-

158 2340 244 2405 cibus
268 2344 397 2405 uestrae
420 2342 628 2406 beatitudinis
653 2342 791 2406 aduentu
815 2342 993 2425 legatorum
1013 2339 1197 2423 principalis
1217 2340 1302 2405 sedis

158 2448 348 2531 apostolicae
364 2447 453 2514 elisis
468 2450 626 2514 erroribus
641 2450 872 2515 haereticorum
893 2448 1015 2513 unitate
1035 2446 1108 2512 fidei
1127 2448 1303 2512 catholicae

157 2558 373 2631 conserimus,
402 2559 631 2640 congr<eg>ati
659 2558 757 2622 simul
785 2557 825 2622 ad
852 2558 949 2620 ubera
975 2558 1117 2620 materna
1149 2555 1302 2620 ecclesiae

156 2661 186 2724 iu
222 2662 274 2726 die
312 2666 440 2727 sanctae
472 2664 723 2730 resurrectionis.
759 2667 949 2746 quapropter
981 2662 1055 2726 stilo
1089 2663 1347 2727 uenerationis2

119 2794 142 2832 a
158 2768 353 2852 alloquentes
395 2771 597 2835 sanctitatem
638 2775 779 2836 uestram
817 2769 1034 2847 admonemus,
1072 2772 1110 2833 ut
1145 2770 1301 2835 intimetis

158 2875 322 2941 destinatis
348 2896 366 2940 a
388 2877 481 2942 uobis
505 2877 773 2943 reuerentissimis
798 2878 876 2942 uiris
900 2876 1101 2942 nullomodo
1121 2877 1301 2955 abscedere,

157 2985 333 3065 antequam,
364 2984 448 3048 sicut
474 2984 688 3067 paramentis,
717 2987 754 3048 ut
782 2987 917 3066 oportet,
945 2983 1108 3048 firmentur
1139 3003 1187 3062 ea,
1222 3003 1301 3067 quae

156 3085 232 3152 bene
260 3088 417 3171 disposita
444 3095 521 3154 sunt
548 3091 587 3154 ab
616 3091 672 3170 eis,
701 3094 737 3155 ut
771 3091 944 3174 amputatis
978 3091 1124 3155 omnibus
1156 3091 1301 3172 reliquiis

156 3195 276 3258 tmnsiti
307 3197 419 3261 erroris
442 3198 613 3281 impendiis
640 3192 767 3263 uestrae
789 3197 997 3263 beatitudinis
1024 3197 1170 3261 roborata
1194 3198 1301 3262 unitas

119 3327 142 3367 a
158 3298 194 3361 ad
216 3300 366 3365 effectum
388 3307 578 3384 papatuum
602 3304 788 3368 deducatur.

190 3491 373 3546 tranctanda
396 3493 422 3546 V
475 3495 508 3549 10
527 3495 725 3549 conclutinatoa
749 3495 780 3558 V,
801 3511 869 3550 corr.
889 3495 959 3549 Bar.
1008 3496 1038 3547 11
1060 3494 1255 3548 sanctimoniae
1276 3493 1302 3566 ρ’

191 3607 260 3662 1114.
315 3606 385 3661 Dat.
403 3613 436 3661 ut
454 3623 494 3677 ep.
514 3611 579 3662 160.
645 3609 718 3664 Eua.
741 3609 805 3664 Car.
826 3608 856 3663 Ρ
876 3614 949 3676 498,·
966 3611 1035 3664 Bar.
1056 3609 1095 3663 ud
1113 3627 1139 3663 a.
1163 3612 1227 3675 519,
1249 3613 1302 3674 68;

160 3693 264 3751 Collect.
288 3695 407 3763 Ooaeil.;
428 3696 507 3750 Tliez
525 3701 594 3751 866.
686 3698 719 3751 16
739 3698 861 3768 legatum
886 3698 917 3762 V,
937 3715 1006 3752 corr.
1027 3716 1039 3749 o
1141 3699 1300 3768 171111111-

158 3800 244 3838 corum
268 3784 294 3837 V
386 3788 445 3840 <in>
459 3787 564 3840 unitate
585 3786 658 3849 Car.¹
672 3787 728 3842 (in)
744 3789 876 3841 unitatem
897 3789 966 3842 Bar.
1077 3789 1109 3842 18
1129 3791 1252 3860 congrati
1269 3789 1298 3848 V,

158 3888 222 3927 corr.
242 3873 268 3925 οἳ
322 3876 356 3929 22
375 3875 566 3945 praecideritia
580 3876 650 3931 Bar.
730 3877 850 3930 firmetur
874 3877 907 3944 V,
925 3893 993 3932 corr.
1014 3895 1027 3927 o
1083 3879 1117 3930 24
1136 3878 1266 3931 transacti
1286 3895 1299 3926 o
