3025 4975
526 438 614 509 Epist.
633 436 756 493 cuxvu
775 439 872 493 9-17.
1215 443 1276 507 621

134 632 268 698 ecclesia
301 633 360 698 deo
393 632 522 697 iuuante
553 634 790 715 processimus,
817 634 872 698 sed
906 632 1012 716 qualia
1044 634 1161 718 gaudia
1196 636 1281 700 iacta

133 740 195 804 sint
216 739 364 817 unitatis,
388 739 657 821 quemadmodum
681 740 760 804 deus
785 740 971 805 benedictus
996 740 1049 819 sit,
1069 759 1149 823 quae
1168 742 1280 807 laudes

138 866 261 929 quoque
295 847 388 911 beato
420 847 516 911 Petro
549 847 694 929 apostolo
727 851 760 912 et
791 847 884 912 uobis
917 848 1035 912 relatae
1070 848 1143 925 sint,
1177 850 1280 933 ipsius

136 953 267 1018 actionis
292 952 543 1017 consideratione
567 952 758 1036 perspicitis,
784 953 868 1035 quod
891 972 964 1019 mea
985 954 1096 1039 lingua
1114 975 1174 1020 non
1193 957 1281 1021 ualet

112 1060 300 1141 rerplicare.
330 1059 410 1123 nihil
438 1061 488 1123 est
514 1059 724 1123 subsecutum
751 1058 925 1125 secundum
959 1063 1036 1124 uota
1067 1060 1279 1141 inimicorum,
1292 1068 1334 1132 14

134 1185 186 1231 non
211 1166 342 1241 seditio,
366 1184 428 1230 non
453 1160 565 1231 effusio
591 1165 766 1249 sanguinis,
789 1186 852 1231 non
877 1167 1048 1245 tumultus,
1073 1168 1157 1249 quod
1175 1170 1280 1235 ueluti

134 1276 285 1339 terrentes
308 1272 430 1337 inimici
453 1275 547 1337 antea
568 1273 804 1355 praedicabant.
828 1273 892 1355 ipsi
915 1292 1043 1356 quoque
1068 1275 1280 1357 ecclesiastici

133 1380 470 1463 Constantinopolitani
493 1379 684 1444 admirantes
704 1387 738 1443 et
756 1379 815 1443 deo
835 1380 954 1463 gratias
973 1380 1146 1446 referentes
1168 1381 1279 1448 dicunt

132 1506 300 1569 numquam
339 1505 373 1551 se
410 1486 593 1551 meminisse
632 1486 729 1551 nullis
767 1487 965 1570 temporibus
1002 1489 1124 1553 tantam
1166 1490 1277 1573 populi

101 1613 120 1651 a
134 1593 367 1657 multitudinem
387 1592 650 1657 communicasse.
709 1592 760 1657 bis
780 1592 965 1675 adimpletis
985 1593 1081 1658 etiam
1102 1595 1280 1660 clementis·
1292 1594 1335 1657 15

134 1700 226 1765 simus
243 1701 417 1783 imperator
430 1700 470 1764 ad
488 1699 720 1764 beatitudinem
738 1703 881 1765 uestram
901 1719 960 1765 sua
978 1701 1097 1783 scripta
1115 1702 1281 1769 subiunxit

136 1807 271 1871 ordinem
295 1806 342 1870 rei
365 1809 475 1891 gestae
499 1805 693 1890 significans,
714 1806 864 1871 similiter
883 1810 915 1872 et
932 1807 984 1871 uir
1001 1808 1280 1874 reuerentissimus

134 1912 283 1977 lohannes
308 1912 677 1995 Constantinopolitanae
701 1913 844 1978 ciuitatis
869 1914 1014 1978 antistes.
1037 1914 1164 1979 noueris
1184 1915 1279 1979 etiam

135 2022 164 2083 et
182 2038 272 2085 sacra
295 2019 455 2103 generalia
472 2037 543 2083 esse
562 2018 716 2092 <e>dicta
729 2023 825 2102 atque
840 2019 1000 2085 credimus
1016 2020 1073 2085 deo
1089 2020 1227 2104 propitio
1249 2026 1281 2087 at

101 2145 121 2183 a
134 2128 243 2191 nestris
268 2125 389 2191 sanctis
413 2126 610 2191 orationibus
633 2145 689 2207 per
708 2126 875 2193 uniuersas
891 2127 1073 2208 prouincias
1090 2128 1279 2210 quantocius

137 2232 290 2299 destinari.
360 2232 440 2296 baec
473 2232 749 2314 Constantinopoli
782 2237 873 2317 gesta
911 2237 996 2298 sunt.
1035 2236 1085 2297 est
1121 2253 1203 2299 nuno
1241 2234 1335 2299 delo

135 2339 327 2405 antiochena
359 2339 496 2403 ecclesia
525 2341 683 2403 tractatus
712 2341 744 2404 et
772 2338 842 2403 ideo
872 2340 975 2405 adbuc
1002 2340 1176 2417 laboratur,
1205 2340 1280 2421 quia

138 2446 265 2512 necdum
288 2465 425 2530 persona
447 2464 587 2530 congrua
606 2448 656 2510 est
675 2446 785 2514 electa.
807 2448 877 2511 oret
895 2465 969 2532 ergo
989 2446 1152 2512 beatitudo
1172 2450 1281 2512 uestra

134 2553 291 2631 intentius,
315 2557 354 2618 ut
377 2554 465 2630 deus,
491 2552 546 2635 qui
569 2553 685 2618 uestris
709 2553 859 2635 precibus
884 2558 1030 2620 exoratus
1056 2554 1280 2620 Constantino-

102 2680 123 2718 ω
138 2661 303 2742 politanam
328 2660 497 2726 ecclesiam
521 2659 716 2742 apostolicae
740 2659 809 2725 sedi
833 2661 985 2738 restituit,
1010 2661 1079 2743 ipse
1103 2663 1134 2725 et
1153 2661 1279 2744 dignam

137 2786 297 2848 personam
325 2767 422 2831 donet
447 2765 479 2829 in
508 2764 679 2830 Antiochia
707 2765 912 2832 ordinandam
937 2769 969 2832 et
992 2767 1138 2832 assiduas
1163 2768 1281 2832 adunet

135 2873 288 2940 ecclesias.
334 2871 555 2944 rescribe<re>
573 2871 723 2954 episcopo
739 2872 1090 2956 Constantinopolitano
1107 2874 1134 2938 si
1153 2875 1334 2941 uideturll

136 2979 320 3044 beatitudini
349 2981 487 3053 uestrae,
511 2979 605 3042 facite
629 2979 823 3044 mentionem
848 2979 1089 3045 damnationum
1113 2980 1224 3046 Seueri
1249 2985 1281 3046 et

136 3085 268 3163 illomm,
293 3104 375 3168 quos
399 3083 586 3148 nominastis
610 3084 642 3147 in
667 3083 802 3167 epistola
825 3085 891 3164 illa,
916 3105 1011 3169 qnam
1036 3086 1211 3168 scripsistis
1241 3087 1279 3152 ad

100 3192 299 3256 sacrandam
329 3191 454 3273 Syriam
480 3209 538 3272 per
563 3191 737 3256 Iohannem
766 3195 799 3255 et
827 3191 974 3276 Sergium
1001 3194 1184 3260 monachos.
1218 3194 1279 3258 hoc

135 3297 236 3380 ipsum
267 3303 299 3364 et
331 3298 372 3362 ad
403 3297 627 3381 imperatorem
659 3297 869 3362 rescribentes
903 3299 930 3363 si
962 3299 1113 3376 feceritis,
1152 3300 1280 3365 uidetur

136 3404 209 3467 milri
231 3404 445 3470 necessarium
470 3422 540 3468 esse
560 3439 608 3470 a*

169 3595 337 3648 lecclesiam
361 3593 424 3648 Gar.
499 3594 734 3664 processimus&
759 3595 788 3658 V,
809 3597 928 3650 correxi:
951 3595 1129 3665 processimus
1149 3598 1177 3649 et
1195 3596 1279 3665 culpo

136 3682 150 3734 ‘l
163 3683 352 3751 praedicebant
365 3685 428 3739 edic.
442 3682 519 3752 rapio
556 3684 572 3736 9
587 3683 650 3738 ullis
661 3681 688 3752 p²
724 3685 758 3737 14
768 3682 859 3738 edicta
871 3684 962 3738 Tbicl:
979 3683 1053 3738 dicta
1070 3683 1101 3748 V,
1117 3683 1192 3738 edita
1206 3684 1278 3736 Bar.

136 3771 167 3824 lb
185 3772 411 3841 constantinopoli
430 3772 457 3825 V
473 3788 576 3827 como
631 3777 674 3826 est
691 3772 800 3841 sampsi:
821 3776 850 3826 at
868 3773 895 3826 V
909 3773 972 3828 Gar.
1012 3774 1043 3827 17
1063 3776 1196 3827 tractatur
1212 3773 1276 3826 Car.

135 3861 166 3913 22
184 3860 325 3915 rescribere
343 3860 454 3929 compsi:
473 3861 590 3915 rescribe
608 3861 639 3926 V,
658 3861 798 3916 rescribite
820 3863 884 3916 Car.
922 3863 957 3916 24
975 3862 1108 3931 scripsisti
1127 3862 1157 3924 V,
1178 3877 1247 3915 corr.
1264 3881 1278 3930 ρ

135 3948 166 4001 26
183 3949 270 4018 ipsum
288 3950 345 4016 (uel
361 3949 453 4019 ipsud)
475 3954 503 4004 et
525 3950 618 4004 Tla'cl:
637 3952 726 4020 ipsum
746 3949 794 4004 det
817 3950 843 4005 V
911 3951 998 4004 uerba
1017 3951 1068 4004 hoc
1086 3951 1175 4020 ipsum
1196 3953 1224 4003 et
1242 3949 1279 4004 ad

135 4035 194 4106 imp.
213 4039 389 4093 rescribentes
410 4039 522 4093 eeiumci
545 4040 580 4093 ab
599 4041 638 4094 eia
655 4055 727 4110 quac
749 4039 922 4104 antecedunt,
941 4039 989 4094 scd
1006 4045 1072 4108 post
1094 4039 1277 4094 necessarium

137 4141 190 4179 esse
210 4125 303 4193 aliqua
322 4127 456 4181 adduce
472 4127 605 4181 uidentur
