3025 4975
202 407 265 468 740
342 402 462 456 Iustinus
482 399 654 466 Hormisdae;
674 399 842 469 Epiphanius
862 399 1022 469 Cpolitanus
1040 399 1200 453 Hormisdae

200 597 292 663 bonis
316 597 457 662 moribus
483 597 541 661 sub
565 596 750 678 probatione
774 595 877 660 factae
897 596 1080 661 concordiae
1099 602 1344 681 praesusceptae

156 713 176 776 3
201 743 243 774 *a
272 709 347 770 sunt
376 704 506 769 diuina?
536 707 727 788 quapropter
753 704 860 768 facitis
894 708 1013 780 sancte,
1045 704 1151 768 facitis
1183 705 1344 788 religiose,

200 812 306 877 facitis
343 811 404 896 pie,
443 811 527 894 quod
564 811 693 875 ueritati
729 810 950 875 testimonium
981 811 1118 875 libenter
1149 812 1345 894 impenditis.

201 919 285 1002 quod
313 919 489 1001 praemium
518 918 597 982 bene
625 918 748 982 meritis
779 937 841 982 non
868 918 1011 1001 negatis:
1041 918 1116 999 quie
1142 917 1226 983 idem
1260 937 1347 984 error

202 1031 252 1093 est
292 1031 396 1092 tacere
435 1025 614 1100 ueritatem,
653 1025 707 1107 qui
747 1029 797 1090 est
833 1024 925 1089 falsis
962 1024 1127 1103 adsistere,
1166 1030 1198 1089 et
1235 1026 1345 1091 eadem
1377 1044 1391 1083 a

200 1134 360 1198 iniustitia
388 1137 437 1198 est
466 1133 492 1197 si
521 1135 655 1216 negetur
682 1132 782 1197 honor
808 1132 952 1196 moribus
976 1132 1113 1215 placitis,
1140 1153 1220 1215 quae
1244 1139 1295 1197 est
1318 1134 1346 1197 si

202 1239 392 1304 concedetur
418 1239 568 1322 indignis.
598 1241 720 1302 certum
748 1240 807 1316 est,
838 1237 1058 1316 amantissimi,
1081 1239 1263 1322 participari
1285 1261 1346 1304 uos

201 1365 273 1410 cum
313 1346 486 1410 sacerdotis
524 1345 672 1410 laudibus
709 1345 876 1422 intimatis,
915 1345 989 1427 quia
1020 1347 1106 1410 omni
1138 1347 1347 1411 fraternitatis

201 1457 326 1517 uestrae
365 1453 465 1517 ordini
500 1452 731 1529 transcribitur,
766 1452 850 1534 quod
883 1452 915 1515 in
948 1470 1022 1528 uno,
1055 1471 1149 1534 quem
1183 1472 1219 1518 ex
1251 1453 1346 1517 uobis

158 1558 358 1644 delegistis
393 1578 463 1624 esse
496 1559 654 1624 laudatur.
690 1559 768 1624 deus
802 1559 1001 1640 omnipotens
1028 1559 1102 1624 fidei
1131 1579 1207 1624 snae
1235 1578 1345 1642 pacem
1368 1579 1394 1616 ιο

203 1667 261 1732 sub
271 1667 485 1749 perpetuitate
496 1685 686 1731 conseruare
698 1667 883 1730 electionem
896 1666 1187 1748 ordinationemque
1194 1670 1347 1741 nuestram,

202 1791 297 1853 quam
324 1771 545 1836 insinuandam
576 1770 643 1835 aedi
672 1771 866 1853 apostolicae
888 1790 945 1853 per
968 1772 1139 1836 Iohannem
1162 1771 1288 1836 fratrem
1316 1775 1349 1835 ct

204 1878 426 1960 coepiscopum
457 1881 599 1942 nostrum
628 1897 684 1942 nec
712 1896 774 1941 non
807 1881 840 1941 et
871 1878 1096 1942 Heraclianum
1127 1879 1348 1961 presbyterum

204 1986 298 2066 atque
314 1983 556 2050 Constantinum
572 1984 738 2049 diaconum
755 1984 839 2048 filios
854 1988 978 2049 nostros
993 1985 1141 2069 religiose
1156 1985 1349 2059 credidistis,

203 2093 292 2154 tanta
319 2091 468 2156 firmitate
497 2091 654 2156 confortet
682 2095 714 2156 ct
740 2091 787 2155 ita
810 2093 950 2156 omnium
975 2091 1225 2156 discordantium
1247 2093 1348 2156 lueta-
1372 2113 1395 2152 15

202 2197 288 2260 mina
311 2197 446 2272 disiciat
470 2198 516 2260 ita
540 2197 763 2262 dissidentium
788 2198 882 2263 eorda
905 2202 1097 2280 compescat.
1122 2202 1168 2277 ut,
1197 2199 1349 2282 quemad-

202 2303 332 2368 modum
352 2305 411 2368 sub
431 2305 525 2368 tratre
543 2309 574 2368 et
592 2305 779 2387 coepiscopo
799 2309 907 2370 nostro
923 2306 1100 2388 Epiphanio
1118 2306 1348 2388 pacificationis

203 2410 311 2473 datum
342 2414 391 2475 est
419 2409 583 2492 indicium,
614 2411 813 2496 gratulemur·
841 2412 999 2478 effectum.
1068 2412 1152 2477 Data
1179 2413 1249 2477 Vll.
1274 2413 1349 2480 Kal.

203 2518 302 2599 April.
327 2518 454 2582 Ualerio
479 2538 565 2583 cons.

248 2746 349 2791 GESTA
372 2748 406 2791 IN
430 2747 534 2793 CAUSA
557 2748 756 2794 unumunurn
779 2750 924 2795 Errscocl
947 2743 1286 2803 rante<no>1²oulrnrr1
1311 2752 1348 2795 ln*
1368 2758 1396 2795 8⁰

204 2853 327 2899 scalmo
351 2853 504 2899 HABElss'S.

720 2997 828 3083 (aar.)

247 3138 389 3184 rusrmus
417 3140 578 3186 Auousrus
607 3142 783 3187 noeursusa
811 3144 929 3189 rursu.
998 3124 1043 3190 Ut
1070 3125 1155 3207 quod
1181 3126 1211 3189 in
1245 3126 1348 3191 Paulo

203 3225 272 3289 uiro
305 3228 561 3293 reuerentissimo
595 3228 730 3313 contigit
764 3230 957 3312 apostolatui
984 3235 1093 3295 uestro
1121 3231 1261 3313 patefiat,
1291 3231 1347 3313 qui

203 3333 379 3397 sacerdotio
408 3335 569 3417 praeditus
598 3336 813 3401 Antiochense
843 3336 984 3401 ciuitatis
1017 3338 1063 3402 ite
1095 3340 1243 3403 uersatus
1276 3356 1347 3401 esse
1367 3360 1395 3400 rs

241 3524 251 3575 l
277 3528 340 3591 post
364 3528 553 3595 praesuscepte
580 3526 710 3579 lacunam
736 3530 767 3577 11
784 3527 848 3593 scre
868 3526 1020 3580 litterarum
1036 3528 1147 3595 reliquit
1172 3528 1204 3595 V,
1223 3544 1348 3598 praesus-

203 3616 282 3681 cepta
292 3612 480 3682 <argumenta>
497 3618 561 3667 sunt
572 3614 648 3667 Butl.
662 3614 746 3668 Tour.
753 3633 764 3681 ,·
773 3614 895 3681 fortusse
908 3616 981 3669 talia
996 3616 1094 3684 utiquo
1104 3618 1348 3686 eccideruntprae·

203 3704 345 3770 susceptae
365 3702 441 3771 <spes
461 3707 588 3772 operante
608 3704 752 3757 clementia
771 3705 908 3773 expletae)
919 3710 983 3758 sunt
1036 3708 1053 3759 9
1072 3706 1291 3760 transcribantur
1315 3706 1346 3759 V.

203 3806 272 3843 corr.
296 3790 359 3843 edit.
382 3807 433 3859 rep.
527 3794 559 3845 14
582 3794 645 3846 tiliis
668 3793 769 3846 nostris
792 3793 824 3853 V,
849 3810 917 3847 corr.
937 3793 964 3863 p²
1069 3798 1100 3849 15
1124 3796 1274 3851 luctamina
1292 3798 1348 3851 dis·

203 3878 283 3931 eiciat
306 3878 337 3940 V,
356 3876 467 3931 corr·.o²
504 3880 536 3933 16
556 3884 728 3950 compescant
751 3881 783 3946 V,
803 3897 870 3935 corr.
890 3879 918 3931 o²
964 3882 996 3934 17
1015 3882 1133 3951 epifanio
1157 3883 1183 3935 V
1224 3888 1348 3954 1911)ῐί-

204 3966 237 4019 lis
266 3965 292 4018 V
378 3967 412 4020 20
435 3984 472 4035 sq.
495 3970 582 4022 uerbo
608 3974 686 4038 geste
701 4012 706 4023 .
724 4012 729 4022 .
744 3970 873 4023 habemus
897 3987 968 4039 puae
990 3972 1140 4026 collectoris
1160 3980 1227 4027 suut
1250 3974 1349 4029 litteris

203 4055 365 4110 urinuscutr'a
387 4056 413 4109 V
429 4073 502 4111 rnen.
521 4063 537 4109 1
553 4058 585 4110 in
602 4074 679 4113 noua
698 4059 773 4112 linea
790 4061 900 4127 sempsit
970 4061 1158 4129 traiapolitani
1182 4062 1208 4115 V

241 4144 307 4199 241.
371 4145 439 4199 Dat.
459 4146 554 4211 (siorul
571 4162 631 4200 cum
650 4164 689 4215 ep.
709 4151 783 4213 242)
803 4166 830 4201 a.
853 4152 905 4201 521
923 4148 967 4203 die
985 4153 1000 4201 1
1017 4150 1091 4204 Mai.
1137 4150 1211 4205 Edu.
1234 4150 1299 4205 Gor.
1319 4152 1350 4206 1²

208 4236 280 4299 562;
297 4232 367 4285 Bur.
388 4234 426 4286 ad
440 4250 466 4287 u.
484 4238 537 4287 521
558 4238 610 4303 37;
631 4235 739 4289 Collect.
757 4236 877 4302 Concil.;
899 4237 977 4291 Tbr'el
998 4240 1064 4293 933.
1102 4239 1137 4293 25
1155 4239 1293 4309 predictus
1317 4241 1349 4309 V,

204 4337 307 4391 corne
