<?xml version="1.0" encoding="UTF-8"?>
<!DOCTYPE html PUBLIC "-//W3C//DTD XHTML 1.0 Transitional//EN"
    "http://www.w3.org/TR/xhtml1/DTD/xhtml1-transitional.dtd">
<html xmlns="http://www.w3.org/1999/xhtml" xml:lang="en" lang="en">
 <head>
  <title>
</title>
<meta http-equiv="Content-Type" content="text/html;charset=utf-8" />
  <meta name='ocr-system' content='tesseract 3.04.00' />
  <meta name='ocr-capabilities' content='ocr_page ocr_carea ocr_par ocr_line ocrx_word'/>
</head>
<body>
  <div class='ocr_page' id='page_1' title='image "./corpusscriptoru02wiengoog_0118.png"; bbox 0 0 3025 4975; ppageno 0'>
   <div class='ocr_carea' id='block_1_1' title="bbox 214 392 1087 465">
    <p class='ocr_par' dir='ltr' id='par_1_1' title="bbox 214 392 1087 465">
     <span class='ocr_line' id='line_1_1' title="bbox 214 392 1087 465; baseline -0.01 -9"><span class='ocrx_word' id='word_1_1' title='bbox 214 400 279 465; x_wconf 82' lang='lat'><strong>598</strong></span> <span class='ocrx_word' id='word_1_2' title='bbox 484 394 630 450; x_wconf 85' lang='lat' dir='ltr'><strong>Hormisda</strong></span> <span class='ocrx_word' id='word_1_3' title='bbox 648 394 764 449; x_wconf 86' lang='lat' dir='ltr'><strong>Iohanni</strong></span> <span class='ocrx_word' id='word_1_4' title='bbox 783 392 1087 463; x_wconf 74' lang='lat' dir='ltr'><strong>Constantinopolitano</strong></span> 
     </span>
    </p>
   </div>
   <div class='ocr_carea' id='block_1_2' title="bbox 211 588 1406 1207">
    <p class='ocr_par' dir='ltr' id='par_1_2' title="bbox 211 588 1406 1207">
     <span class='ocr_line' id='line_1_2' title="bbox 214 588 1363 679; baseline -0.006 -20"><span class='ocrx_word' id='word_1_5' title='bbox 214 593 356 659; x_wconf 83' lang='lat' dir='ltr'><strong>officium</strong></span> <span class='ocrx_word' id='word_1_6' title='bbox 369 592 538 679; x_wconf 80' lang='lat' dir='ltr'><strong>legationis</strong></span> <span class='ocrx_word' id='word_1_7' title='bbox 557 591 749 669; x_wconf 89' lang='lat' dir='ltr'><strong>iniunctum,</strong></span> <span class='ocrx_word' id='word_1_8' title='bbox 763 589 880 655; x_wconf 89' lang='lat' dir='ltr'><strong>litteris</strong></span> <span class='ocrx_word' id='word_1_9' title='bbox 897 589 996 655; x_wconf 90' lang='lat' dir='ltr'><strong>uestri</strong></span> <span class='ocrx_word' id='word_1_10' title='bbox 1010 588 1207 672; x_wconf 74' lang='lat' dir='ltr'><strong>principatus</strong></span> <span class='ocrx_word' id='word_1_11' title='bbox 1222 588 1363 670; x_wconf 85' lang='lat' dir='ltr'><strong>acceptis</strong></span> 
     </span>
     <span class='ocr_line' id='line_1_3' title="bbox 214 692 1365 785; baseline -0.004 -21"><span class='ocrx_word' id='word_1_12' title='bbox 214 719 328 765; x_wconf 87' lang='lat' dir='ltr'><strong>causae</strong></span> <span class='ocrx_word' id='word_1_13' title='bbox 343 699 556 785; x_wconf 81' lang='lat' dir='ltr'><strong>magnitudini</strong></span> <span class='ocrx_word' id='word_1_14' title='bbox 575 698 800 764; x_wconf 88' lang='lat' dir='ltr'><strong>conuenientes</strong></span> <span class='ocrx_word' id='word_1_15' title='bbox 816 696 1049 761; x_wconf 86' lang='lat' dir='ltr'><strong>destinauimus</strong></span> <span class='ocrx_word' id='word_1_16' title='bbox 1066 694 1152 760; x_wconf 90' lang='lat' dir='ltr'><strong>uiros</strong></span> <span class='ocrx_word' id='word_1_17' title='bbox 1169 692 1365 759; x_wconf 79' lang='lat' dir='ltr'><strong>Germanum</strong></span> 
     </span>
     <span class='ocr_line' id='line_1_4' title="bbox 214 802 1366 889; baseline -0.005 -18"><span class='ocrx_word' id='word_1_18' title='bbox 214 811 246 871; x_wconf 91' lang='lat' dir='ltr'><strong>et</strong></span> <span class='ocrx_word' id='word_1_19' title='bbox 268 807 441 872; x_wconf 80' lang='lat' dir='ltr'><strong>Iohannem</strong></span> <span class='ocrx_word' id='word_1_20' title='bbox 470 806 638 889; x_wconf 86' lang='lat' dir='ltr'><strong>episcopos</strong></span> <span class='ocrx_word' id='word_1_21' title='bbox 667 809 699 869; x_wconf 93' lang='lat' dir='ltr'><strong>et</strong></span> <span class='ocrx_word' id='word_1_22' title='bbox 720 804 879 868; x_wconf 86' lang='lat' dir='ltr'><strong>Blandum</strong></span> <span class='ocrx_word' id='word_1_23' title='bbox 907 802 1127 885; x_wconf 85' lang='lat' dir='ltr'><strong>presbyterum</strong></span> <span class='ocrx_word' id='word_1_24' title='bbox 1156 820 1214 866; x_wconf 89' lang='lat' dir='ltr'><strong>nec</strong></span> <span class='ocrx_word' id='word_1_25' title='bbox 1241 820 1303 866; x_wconf 93' lang='lat' dir='ltr'><strong>non</strong></span> <span class='ocrx_word' id='word_1_26' title='bbox 1332 804 1366 865; x_wconf 92' lang='lat' dir='ltr'><strong>et</strong></span> 
     </span>
     <span class='ocr_line' id='line_1_5' title="bbox 211 907 1364 996; baseline -0.003 -19"><span class='ocrx_word' id='word_1_27' title='bbox 211 913 351 978; x_wconf 79' lang='lat' dir='ltr'><strong>Felicem</strong></span> <span class='ocrx_word' id='word_1_28' title='bbox 375 913 553 989; x_wconf 90' lang='lat' dir='ltr'><strong>diaconum,</strong></span> <span class='ocrx_word' id='word_1_29' title='bbox 577 932 633 996; x_wconf 88' lang='lat' dir='ltr'><strong>per</strong></span> <span class='ocrx_word' id='word_1_30' title='bbox 657 930 736 995; x_wconf 92' lang='lat' dir='ltr'><strong>quos</strong></span> <span class='ocrx_word' id='word_1_31' title='bbox 762 910 800 987; x_wconf 89' lang='lat' dir='ltr'><strong>si,</strong></span> <span class='ocrx_word' id='word_1_32' title='bbox 824 907 1094 992; x_wconf 87' lang='lat' dir='ltr'><strong>quemadmodum</strong></span> <span class='ocrx_word' id='word_1_33' title='bbox 1116 907 1364 991; x_wconf 87' lang='lat' dir='ltr'><strong>praesumimus,</strong></span> 
     </span>
     <span class='ocr_line' id='line_1_6' title="bbox 214 1014 1406 1098; baseline -0.004 -14"><span class='ocrx_word' id='word_1_34' title='bbox 214 1020 394 1084; x_wconf 84' lang='lat' dir='ltr'><strong>serenitatis</strong></span> <span class='ocrx_word' id='word_1_35' title='bbox 426 1022 552 1083; x_wconf 87' lang='lat' dir='ltr'><strong>uestrae</strong></span> <span class='ocrx_word' id='word_1_36' title='bbox 583 1018 676 1083; x_wconf 84' lang='lat' dir='ltr'><strong>fauor</strong></span> <span class='ocrx_word' id='word_1_37' title='bbox 708 1016 856 1095; x_wconf 86' lang='lat' dir='ltr'><strong>arriserit,</strong></span> <span class='ocrx_word' id='word_1_38' title='bbox 891 1015 1066 1081; x_wconf 87' lang='lat' dir='ltr'><strong>secundum</strong></span> <span class='ocrx_word' id='word_1_39' title='bbox 1102 1033 1182 1098; x_wconf 87' lang='lat' dir='ltr'><strong>quae</strong></span> <span class='ocrx_word' id='word_1_40' title='bbox 1214 1014 1406 1079; x_wconf 75' lang='lat' dir='ltr'><strong>mandata-⁵</strong></span> 
     </span>
     <span class='ocr_line' id='line_1_7' title="bbox 214 1120 1364 1207; baseline -0.002 -18"><span class='ocrx_word' id='word_1_41' title='bbox 214 1128 290 1191; x_wconf 90' lang='lat' dir='ltr'><strong>sunt</strong></span> <span class='ocrx_word' id='word_1_42' title='bbox 313 1124 519 1189; x_wconf 88' lang='lat' dir='ltr'><strong>ecclesiarum</strong></span> <span class='ocrx_word' id='word_1_43' title='bbox 545 1124 735 1188; x_wconf 83' lang='lat' dir='ltr'><strong>adunatione</strong></span> <span class='ocrx_word' id='word_1_44' title='bbox 760 1122 977 1207; x_wconf 85' lang='lat' dir='ltr'><strong>generalitatis</strong></span> <span class='ocrx_word' id='word_1_45' title='bbox 996 1121 1122 1205; x_wconf 85' lang='lat' dir='ltr'><strong>possint</strong></span> <span class='ocrx_word' id='word_1_46' title='bbox 1140 1122 1217 1187; x_wconf 86' lang='lat' dir='ltr'><strong>uota</strong></span> <span class='ocrx_word' id='word_1_47' title='bbox 1235 1120 1364 1187; x_wconf 90' lang='lat' dir='ltr'><strong>firmari.</strong></span> 
     </span>
    </p>
   </div>
   <div class='ocr_carea' id='block_1_3' title="bbox 169 1316 1413 3644">
    <p class='ocr_par' dir='ltr' id='par_1_3' title="bbox 736 1316 845 1400">
     <span class='ocr_line' id='line_1_8' title="bbox 736 1316 845 1400; baseline 0 -19"><span class='ocrx_word' id='word_1_48' title='bbox 736 1316 845 1400; x_wconf 77' lang='lat'><strong>(150.)</strong></span> 
     </span>
    </p>

    <p class='ocr_par' dir='ltr' id='par_1_4' title="bbox 211 1438 1412 2269">
     <span class='ocr_line' id='line_1_9' title="bbox 257 1438 1365 1507; baseline -0.003 -1"><span class='ocrx_word' id='word_1_49' title='bbox 257 1461 413 1507; x_wconf 81' lang='lat' dir='ltr'><strong>uonmsna</strong></span> <span class='ocrx_word' id='word_1_50' title='bbox 439 1461 574 1505; x_wconf 72' lang='lat' dir='ltr'><strong>rourum</strong></span> <span class='ocrx_word' id='word_1_51' title='bbox 605 1460 755 1506; x_wconf 82' lang='lat' dir='ltr'><strong>srrsooro</strong></span> <span class='ocrx_word' id='word_1_52' title='bbox 791 1456 1179 1505; x_wconf 81' lang='lat' dir='ltr'><strong>cousraurruororrrauo.</strong></span> <span class='ocrx_word' id='word_1_53' title='bbox 1246 1438 1365 1504; x_wconf 89' lang='lat' dir='ltr'><strong>Reddi-</strong></span> 
     </span>
     <span class='ocr_line' id='line_1_10' title="bbox 214 1546 1366 1631; baseline -0.002 -18"><span class='ocrx_word' id='word_1_54' title='bbox 214 1549 319 1613; x_wconf 91' lang='lat' dir='ltr'><strong>dimus</strong></span> <span class='ocrx_word' id='word_1_55' title='bbox 342 1548 484 1631; x_wconf 91' lang='lat' dir='ltr'><strong>quidem,</strong></span> <span class='ocrx_word' id='word_1_56' title='bbox 506 1548 612 1623; x_wconf 79' lang='lat' dir='ltr'><strong>frater,</strong></span> <span class='ocrx_word' id='word_1_57' title='bbox 637 1566 813 1631; x_wconf 86' lang='lat' dir='ltr'><strong>oongmum</strong></span> <span class='ocrx_word' id='word_1_58' title='bbox 835 1546 953 1611; x_wconf 87' lang='lat' dir='ltr'><strong>litteris</strong></span> <span class='ocrx_word' id='word_1_59' title='bbox 978 1546 1043 1611; x_wconf 89' lang='lat' dir='ltr'><strong>tuis</strong></span> <span class='ocrx_word' id='word_1_60' title='bbox 1063 1546 1123 1611; x_wconf 90' lang='lat' dir='ltr'><strong>sub</strong></span> <span class='ocrx_word' id='word_1_61' title='bbox 1144 1546 1366 1611; x_wconf 88' lang='lat' dir='ltr'><strong>ecclesiastica</strong></span> 
     </span>
     <span class='ocr_line' id='line_1_11' title="bbox 211 1652 1412 1739; baseline -0.006 -19"><span class='ocrx_word' id='word_1_62' title='bbox 211 1655 358 1721; x_wconf 87' lang='lat' dir='ltr'><strong>libertate</strong></span> <span class='ocrx_word' id='word_1_63' title='bbox 372 1674 560 1737; x_wconf 90' lang='lat' dir='ltr'><strong>responsum</strong></span> <span class='ocrx_word' id='word_1_64' title='bbox 581 1657 622 1729; x_wconf 84' lang='lat' dir='ltr'><strong>et,</strong></span> <span class='ocrx_word' id='word_1_65' title='bbox 643 1653 718 1737; x_wconf 90' lang='lat' dir='ltr'><strong>quid</strong></span> <span class='ocrx_word' id='word_1_66' title='bbox 737 1653 770 1717; x_wconf 89' lang='lat' dir='ltr'><strong>in</strong></span> <span class='ocrx_word' id='word_1_67' title='bbox 788 1654 839 1717; x_wconf 88' lang='lat' dir='ltr'><strong>his</strong></span> <span class='ocrx_word' id='word_1_68' title='bbox 860 1652 1011 1739; x_wconf 85' lang='lat' dir='ltr'><strong>gratulati</strong></span> <span class='ocrx_word' id='word_1_69' title='bbox 1025 1653 1179 1718; x_wconf 83' lang='lat' dir='ltr'><strong>fuerimus</strong></span> <span class='ocrx_word' id='word_1_70' title='bbox 1193 1652 1363 1729; x_wconf 83' lang='lat' dir='ltr'><strong>insertum,</strong></span> <span class='ocrx_word' id='word_1_71' title='bbox 1386 1674 1412 1713; x_wconf 75' lang='lat' dir='ltr'><strong>ro</strong></span> 
     </span>
     <span class='ocr_line' id='line_1_12' title="bbox 213 1759 1366 1845; baseline -0.003 -19"><span class='ocrx_word' id='word_1_72' title='bbox 213 1762 290 1845; x_wconf 90' lang='lat' dir='ltr'><strong>quid</strong></span> <span class='ocrx_word' id='word_1_73' title='bbox 310 1761 532 1826; x_wconf 83' lang='lat' dir='ltr'><strong>taciturnitate</strong></span> <span class='ocrx_word' id='word_1_74' title='bbox 554 1762 773 1842; x_wconf 90' lang='lat' dir='ltr'><strong>praeteritum,</strong></span> <span class='ocrx_word' id='word_1_75' title='bbox 798 1760 962 1825; x_wconf 88' lang='lat' dir='ltr'><strong>euidenter</strong></span> <span class='ocrx_word' id='word_1_76' title='bbox 985 1759 1207 1842; x_wconf 79' lang='lat' dir='ltr'><strong>expressimus,</strong></span> <span class='ocrx_word' id='word_1_77' title='bbox 1232 1778 1267 1824; x_wconf 90' lang='lat' dir='ltr'><strong>ac</strong></span> <span class='ocrx_word' id='word_1_78' title='bbox 1284 1760 1366 1824; x_wconf 86' lang='lat' dir='ltr'><strong>lieet</strong></span> 
     </span>
     <span class='ocr_line' id='line_1_13' title="bbox 213 1865 1366 1951; baseline -0.003 -18"><span class='ocrx_word' id='word_1_79' title='bbox 213 1871 327 1933; x_wconf 86' lang='lat' dir='ltr'><strong>cuncta</strong></span> <span class='ocrx_word' id='word_1_80' title='bbox 350 1867 497 1933; x_wconf 86' lang='lat' dir='ltr'><strong>sensibus</strong></span> <span class='ocrx_word' id='word_1_81' title='bbox 522 1868 588 1933; x_wconf 90' lang='lat' dir='ltr'><strong>tuis</strong></span> <span class='ocrx_word' id='word_1_82' title='bbox 611 1887 693 1933; x_wconf 90' lang='lat' dir='ltr'><strong>nuno</strong></span> <span class='ocrx_word' id='word_1_83' title='bbox 718 1867 826 1932; x_wconf 89' lang='lat' dir='ltr'><strong>erebra</strong></span> <span class='ocrx_word' id='word_1_84' title='bbox 843 1866 972 1951; x_wconf 86' lang='lat' dir='ltr'><strong>legatio,</strong></span> <span class='ocrx_word' id='word_1_85' title='bbox 994 1885 1075 1932; x_wconf 91' lang='lat' dir='ltr'><strong>nunc</strong></span> <span class='ocrx_word' id='word_1_86' title='bbox 1094 1876 1156 1931; x_wconf 88' lang='lat' dir='ltr'><strong>usu</strong></span> <span class='ocrx_word' id='word_1_87' title='bbox 1175 1865 1206 1929; x_wconf 90' lang='lat' dir='ltr'><strong>in</strong></span> <span class='ocrx_word' id='word_1_88' title='bbox 1226 1866 1366 1931; x_wconf 89' lang='lat' dir='ltr'><strong>ecelesia</strong></span> 
     </span>
     <span class='ocr_line' id='line_1_14' title="bbox 213 1973 1365 2049; baseline 0 -12"><span class='ocrx_word' id='word_1_89' title='bbox 213 1973 380 2039; x_wconf 89' lang='lat' dir='ltr'><strong>diuturnae</strong></span> <span class='ocrx_word' id='word_1_90' title='bbox 405 1975 655 2041; x_wconf 87' lang='lat' dir='ltr'><strong>conuersationis</strong></span> <span class='ocrx_word' id='word_1_91' title='bbox 679 1978 753 2039; x_wconf 91' lang='lat' dir='ltr'><strong>tuae</strong></span> <span class='ocrx_word' id='word_1_92' title='bbox 777 1977 925 2039; x_wconf 90' lang='lat' dir='ltr'><strong>uetustas</strong></span> <span class='ocrx_word' id='word_1_93' title='bbox 948 1973 1111 2049; x_wconf 88' lang='lat' dir='ltr'><strong>infuderit,</strong></span> <span class='ocrx_word' id='word_1_94' title='bbox 1134 1974 1226 2037; x_wconf 90' lang='lat' dir='ltr'><strong>iuuat</strong></span> <span class='ocrx_word' id='word_1_95' title='bbox 1253 1975 1365 2037; x_wconf 79' lang='lat' dir='ltr'><strong>tamma</strong></span> 
     </span>
     <span class='ocr_line' id='line_1_15' title="bbox 212 2079 1366 2165; baseline -0.001 -20"><span class='ocrx_word' id='word_1_96' title='bbox 212 2080 315 2145; x_wconf 90' lang='lat' dir='ltr'><strong>adhuc</strong></span> <span class='ocrx_word' id='word_1_97' title='bbox 330 2080 429 2146; x_wconf 92' lang='lat' dir='ltr'><strong>latius</strong></span> <span class='ocrx_word' id='word_1_98' title='bbox 445 2080 565 2165; x_wconf 89' lang='lat' dir='ltr'><strong>aperire</strong></span> <span class='ocrx_word' id='word_1_99' title='bbox 584 2084 728 2146; x_wconf 88' lang='lat' dir='ltr'><strong>nostrum</strong></span> <span class='ocrx_word' id='word_1_100' title='bbox 747 2081 883 2163; x_wconf 89' lang='lat' dir='ltr'><strong>repetita</strong></span> <span class='ocrx_word' id='word_1_101' title='bbox 901 2080 1067 2154; x_wconf 86' lang='lat' dir='ltr'><strong>&lt;ra&gt;tione</strong></span> <span class='ocrx_word' id='word_1_102' title='bbox 1087 2079 1266 2155; x_wconf 88' lang='lat' dir='ltr'><strong>eonsilium,</strong></span> <span class='ocrx_word' id='word_1_103' title='bbox 1287 2080 1366 2162; x_wconf 88' lang='lat' dir='ltr'><strong>quia</strong></span> 
     </span>
     <span class='ocr_line' id='line_1_16' title="bbox 212 2185 1410 2269; baseline -0.004 -18"><span class='ocrx_word' id='word_1_104' title='bbox 212 2190 289 2252; x_wconf 91' lang='lat' dir='ltr'><strong>tunc</strong></span> <span class='ocrx_word' id='word_1_105' title='bbox 320 2188 401 2253; x_wconf 90' lang='lat' dir='ltr'><strong>bene</strong></span> <span class='ocrx_word' id='word_1_106' title='bbox 434 2188 472 2252; x_wconf 92' lang='lat' dir='ltr'><strong>de</strong></span> <span class='ocrx_word' id='word_1_107' title='bbox 504 2188 578 2252; x_wconf 86' lang='lat' dir='ltr'><strong>fidei</strong></span> <span class='ocrx_word' id='word_1_108' title='bbox 609 2187 759 2252; x_wconf 86' lang='lat' dir='ltr'><strong>firmitate</strong></span> <span class='ocrx_word' id='word_1_109' title='bbox 793 2186 969 2261; x_wconf 83' lang='lat' dir='ltr'><strong>disseritur,</strong></span> <span class='ocrx_word' id='word_1_110' title='bbox 1003 2185 1126 2269; x_wconf 89' lang='lat' dir='ltr'><strong>quando</strong></span> <span class='ocrx_word' id='word_1_111' title='bbox 1161 2185 1364 2269; x_wconf 90' lang='lat' dir='ltr'><strong>simplicibus</strong></span> <span class='ocrx_word' id='word_1_112' title='bbox 1384 2209 1410 2247; x_wconf 77' lang='lat' dir='ltr'><strong>rs</strong></span> 
     </span>
    </p>

    <p class='ocr_par' dir='ltr' id='par_1_5' title="bbox 169 2292 1413 3118">
     <span class='ocr_line' id='line_1_17' title="bbox 169 2292 1365 2377; baseline -0.004 -15"><span class='ocrx_word' id='word_1_113' title='bbox 169 2300 189 2362; x_wconf 79' lang='grc'>2</span> <span class='ocrx_word' id='word_1_114' title='bbox 213 2294 319 2359; x_wconf 91' lang='lat' dir='ltr'><strong>uerbis</strong></span> <span class='ocrx_word' id='word_1_115' title='bbox 335 2293 549 2359; x_wconf 88' lang='lat' dir='ltr'><strong>conciliandae</strong></span> <span class='ocrx_word' id='word_1_116' title='bbox 564 2294 651 2377; x_wconf 88' lang='lat' dir='ltr'><strong>pacis</strong></span> <span class='ocrx_word' id='word_1_117' title='bbox 663 2292 822 2376; x_wconf 88' lang='lat' dir='ltr'><strong>cupiditas</strong></span> <span class='ocrx_word' id='word_1_118' title='bbox 838 2293 1038 2377; x_wconf 37' lang='lat' dir='ltr'><strong>explicatur..</strong></span> <span class='ocrx_word' id='word_1_119' title='bbox 1069 2292 1226 2357; x_wconf 88' lang='lat' dir='ltr'><strong>desideria</strong></span> <span class='ocrx_word' id='word_1_120' title='bbox 1244 2292 1365 2377; x_wconf 90' lang='lat' dir='ltr'><strong>quippe</strong></span> 
     </span>
     <span class='ocr_line' id='line_1_18' title="bbox 212 2398 1364 2483; baseline -0.002 -18"><span class='ocrx_word' id='word_1_121' title='bbox 212 2404 278 2477; x_wconf 87' lang='lat' dir='ltr'><strong>tua,</strong></span> <span class='ocrx_word' id='word_1_122' title='bbox 304 2401 420 2483; x_wconf 90' lang='lat' dir='ltr'><strong>quibus</strong></span> <span class='ocrx_word' id='word_1_123' title='bbox 444 2405 476 2465; x_wconf 90' lang='lat' dir='ltr'><strong>te</strong></span> <span class='ocrx_word' id='word_1_124' title='bbox 500 2400 539 2463; x_wconf 90' lang='lat' dir='ltr'><strong>ad</strong></span> <span class='ocrx_word' id='word_1_125' title='bbox 563 2399 814 2464; x_wconf 87' lang='lat' dir='ltr'><strong>ecclesiasticam</strong></span> <span class='ocrx_word' id='word_1_126' title='bbox 832 2398 959 2463; x_wconf 88' lang='lat' dir='ltr'><strong>testaris</strong></span> <span class='ocrx_word' id='word_1_127' title='bbox 979 2398 1129 2463; x_wconf 86' lang='lat' dir='ltr'><strong>festinare</strong></span> <span class='ocrx_word' id='word_1_128' title='bbox 1148 2398 1364 2477; x_wconf 88' lang='lat' dir='ltr'><strong>concordiam,</strong></span> 
     </span>
     <span class='ocr_line' id='line_1_19' title="bbox 212 2505 1365 2590; baseline -0.003 -18"><span class='ocrx_word' id='word_1_129' title='bbox 212 2511 251 2572; x_wconf 91' lang='lat' dir='ltr'><strong>ut</strong></span> <span class='ocrx_word' id='word_1_130' title='bbox 271 2507 425 2572; x_wconf 88' lang='lat' dir='ltr'><strong>haberent</strong></span> <span class='ocrx_word' id='word_1_131' title='bbox 446 2511 553 2590; x_wconf 86' lang='lat' dir='ltr'><strong>partes</strong></span> <span class='ocrx_word' id='word_1_132' title='bbox 577 2505 660 2585; x_wconf 89' lang='lat' dir='ltr'><strong>illae,</strong></span> <span class='ocrx_word' id='word_1_133' title='bbox 686 2525 811 2588; x_wconf 89' lang='lat' dir='ltr'><strong>semper</strong></span> <span class='ocrx_word' id='word_1_134' title='bbox 835 2507 1017 2588; x_wconf 89' lang='lat' dir='ltr'><strong>optauimus</strong></span> <span class='ocrx_word' id='word_1_135' title='bbox 1041 2525 1099 2570; x_wconf 89' lang='lat' dir='ltr'><strong>neo</strong></span> <span class='ocrx_word' id='word_1_136' title='bbox 1124 2505 1192 2572; x_wconf 87' lang='lat' dir='ltr'><strong>sola</strong></span> <span class='ocrx_word' id='word_1_137' title='bbox 1210 2509 1365 2570; x_wconf 90' lang='lat' dir='ltr'><strong>uotorum</strong></span> 
     </span>
     <span class='ocr_line' id='line_1_20' title="bbox 214 2611 1365 2695; baseline -0.001 -17"><span class='ocrx_word' id='word_1_138' title='bbox 214 2614 385 2678; x_wconf 86' lang='lat' dir='ltr'><strong>ambitione</strong></span> <span class='ocrx_word' id='word_1_139' title='bbox 419 2612 560 2678; x_wconf 88' lang='lat' dir='ltr'><strong>contenti</strong></span> <span class='ocrx_word' id='word_1_140' title='bbox 586 2612 638 2676; x_wconf 88' lang='lat' dir='ltr'><strong>usi</strong></span> <span class='ocrx_word' id='word_1_141' title='bbox 667 2611 762 2675; x_wconf 90' lang='lat' dir='ltr'><strong>etiam</strong></span> <span class='ocrx_word' id='word_1_142' title='bbox 796 2613 944 2695; x_wconf 88' lang='lat' dir='ltr'><strong>precibus</strong></span> <span class='ocrx_word' id='word_1_143' title='bbox 978 2629 1101 2679; x_wconf 85' lang='lat' dir='ltr'><strong>sumus.</strong></span> <span class='ocrx_word' id='word_1_144' title='bbox 1139 2614 1247 2676; x_wconf 89' lang='lat' dir='ltr'><strong>uestro</strong></span> <span class='ocrx_word' id='word_1_145' title='bbox 1285 2617 1365 2677; x_wconf 90' lang='lat' dir='ltr'><strong>sunt</strong></span> 
     </span>
     <span class='ocr_line' id='line_1_21' title="bbox 212 2716 1413 2799; baseline 0 -17"><span class='ocrx_word' id='word_1_146' title='bbox 212 2719 290 2782; x_wconf 88' lang='lat' dir='ltr'><strong>baec</strong></span> <span class='ocrx_word' id='word_1_147' title='bbox 319 2720 351 2782; x_wconf 92' lang='lat' dir='ltr'><strong>et</strong></span> <span class='ocrx_word' id='word_1_148' title='bbox 379 2717 489 2782; x_wconf 89' lang='lat' dir='ltr'><strong>mundi</strong></span> <span class='ocrx_word' id='word_1_149' title='bbox 516 2716 700 2781; x_wconf 91' lang='lat' dir='ltr'><strong>testimonio</strong></span> <span class='ocrx_word' id='word_1_150' title='bbox 729 2717 886 2794; x_wconf 90' lang='lat' dir='ltr'><strong>roborata,</strong></span> <span class='ocrx_word' id='word_1_151' title='bbox 915 2735 994 2798; x_wconf 89' lang='lat' dir='ltr'><strong>quae</strong></span> <span class='ocrx_word' id='word_1_152' title='bbox 1022 2717 1194 2799; x_wconf 87' lang='lat' dir='ltr'><strong>loquimur,</strong></span> <span class='ocrx_word' id='word_1_153' title='bbox 1222 2716 1296 2798; x_wconf 89' lang='lat' dir='ltr'><strong>quia</strong></span> <span class='ocrx_word' id='word_1_154' title='bbox 1324 2722 1365 2782; x_wconf 90' lang='lat' dir='ltr'><strong>ut</strong></span> <span class='ocrx_word' id='word_1_155' title='bbox 1383 2748 1413 2788; x_wconf 81' lang='lat'><strong>20</strong></span> 
     </span>
     <span class='ocr_line' id='line_1_22' title="bbox 214 2822 1366 2905; baseline 0 -15"><span class='ocrx_word' id='word_1_156' title='bbox 214 2824 388 2890; x_wconf 89' lang='lat' dir='ltr'><strong>catholicae</strong></span> <span class='ocrx_word' id='word_1_157' title='bbox 402 2823 534 2887; x_wconf 90' lang='lat' dir='ltr'><strong>unitatis</strong></span> <span class='ocrx_word' id='word_1_158' title='bbox 545 2822 701 2905; x_wconf 86' lang='lat' dir='ltr'><strong>reparatio</strong></span> <span class='ocrx_word' id='word_1_159' title='bbox 717 2823 782 2899; x_wconf 90' lang='lat' dir='ltr'><strong>fiat,</strong></span> <span class='ocrx_word' id='word_1_160' title='bbox 795 2825 1016 2888; x_wconf 90' lang='lat' dir='ltr'><strong>auctoritatem</strong></span> <span class='ocrx_word' id='word_1_161' title='bbox 1026 2827 1166 2890; x_wconf 87' lang='lat' dir='ltr'><strong>nostram</strong></span> <span class='ocrx_word' id='word_1_162' title='bbox 1175 2823 1366 2890; x_wconf 86' lang='lat' dir='ltr'><strong>intemerata</strong></span> 
     </span>
     <span class='ocr_line' id='line_1_23' title="bbox 213 2929 1365 3014; baseline -0.001 -19"><span class='ocrx_word' id='word_1_163' title='bbox 213 2931 287 2995; x_wconf 90' lang='lat' dir='ltr'><strong>fidei</strong></span> <span class='ocrx_word' id='word_1_164' title='bbox 302 2930 486 3014; x_wconf 86' lang='lat' dir='ltr'><strong>integritate</strong></span> <span class='ocrx_word' id='word_1_165' title='bbox 504 2929 734 2994; x_wconf 91' lang='lat' dir='ltr'><strong>submittimus.</strong></span> <span class='ocrx_word' id='word_1_166' title='bbox 753 2929 888 2994; x_wconf 87' lang='lat' dir='ltr'><strong>inclinet</strong></span> <span class='ocrx_word' id='word_1_167' title='bbox 902 2930 1096 2994; x_wconf 86' lang='lat' dir='ltr'><strong>orationibus</strong></span> <span class='ocrx_word' id='word_1_168' title='bbox 1115 2930 1233 2996; x_wconf 88' lang='lat' dir='ltr'><strong>nostris</strong></span> <span class='ocrx_word' id='word_1_169' title='bbox 1253 2948 1365 2994; x_wconf 88' lang='lat' dir='ltr'><strong>aurem</strong></span> 
     </span>
     <span class='ocr_line' id='line_1_24' title="bbox 215 3035 1366 3118; baseline -0.002 -16"><span class='ocrx_word' id='word_1_170' title='bbox 215 3057 304 3102; x_wconf 88' lang='lat' dir='ltr'><strong>suam</strong></span> <span class='ocrx_word' id='word_1_171' title='bbox 329 3035 438 3100; x_wconf 85' lang='lat' dir='ltr'><strong>diuina</strong></span> <span class='ocrx_word' id='word_1_172' title='bbox 460 3036 635 3113; x_wconf 85' lang='lat' dir='ltr'><strong>miseratio,</strong></span> <span class='ocrx_word' id='word_1_173' title='bbox 660 3038 696 3100; x_wconf 92' lang='lat' dir='ltr'><strong>ut</strong></span> <span class='ocrx_word' id='word_1_174' title='bbox 720 3035 804 3117; x_wconf 91' lang='lat' dir='ltr'><strong>quod</strong></span> <span class='ocrx_word' id='word_1_175' title='bbox 830 3035 958 3100; x_wconf 86' lang='lat' dir='ltr'><strong>creditis</strong></span> <span class='ocrx_word' id='word_1_176' title='bbox 981 3036 1220 3118; x_wconf 88' lang='lat' dir='ltr'><strong>postulandum,</strong></span> <span class='ocrx_word' id='word_1_177' title='bbox 1251 3054 1366 3117; x_wconf 88' lang='lat' dir='ltr'><strong>sequa-</strong></span> 
     </span>
    </p>

    <p class='ocr_par' dir='ltr' id='par_1_6' title="bbox 170 3141 1413 3544">
     <span class='ocr_line' id='line_1_25' title="bbox 170 3141 1366 3221; baseline 0.001 -14"><span class='ocrx_word' id='word_1_178' title='bbox 170 3155 190 3216; x_wconf 86' lang='lat'>3</span> <span class='ocrx_word' id='word_1_179' title='bbox 213 3142 291 3208; x_wconf 91' lang='lat' dir='ltr'><strong>mini</strong></span> <span class='ocrx_word' id='word_1_180' title='bbox 316 3146 348 3207; x_wconf 92' lang='lat' dir='ltr'><strong>et</strong></span> <span class='ocrx_word' id='word_1_181' title='bbox 371 3141 484 3206; x_wconf 90' lang='lat' dir='ltr'><strong>ametis</strong></span> <span class='ocrx_word' id='word_1_182' title='bbox 509 3142 663 3206; x_wconf 88' lang='lat' dir='ltr'><strong>oblatum.</strong></span> <span class='ocrx_word' id='word_1_183' title='bbox 731 3143 823 3206; x_wconf 88' lang='lat' dir='ltr'><strong>nobis</strong></span> <span class='ocrx_word' id='word_1_184' title='bbox 848 3161 911 3206; x_wconf 89' lang='lat' dir='ltr'><strong>una</strong></span> <span class='ocrx_word' id='word_1_185' title='bbox 935 3161 1049 3207; x_wconf 88' lang='lat' dir='ltr'><strong>causae</strong></span> <span class='ocrx_word' id='word_1_186' title='bbox 1080 3143 1275 3221; x_wconf 88' lang='lat' dir='ltr'><strong>sollicitudo,</strong></span> <span class='ocrx_word' id='word_1_187' title='bbox 1299 3161 1366 3208; x_wconf 88' lang='lat' dir='ltr'><strong>una</strong></span> 
     </span>
     <span class='ocr_line' id='line_1_26' title="bbox 214 3247 1413 3333; baseline -0.001 -18"><span class='ocrx_word' id='word_1_188' title='bbox 214 3249 360 3315; x_wconf 79' lang='lat' dir='ltr'><strong>custodia</strong></span> <span class='ocrx_word' id='word_1_189' title='bbox 390 3251 440 3313; x_wconf 92' lang='lat' dir='ltr'><strong>est</strong></span> <span class='ocrx_word' id='word_1_190' title='bbox 462 3247 509 3312; x_wconf 89' lang='lat' dir='ltr'><strong>ita</strong></span> <span class='ocrx_word' id='word_1_191' title='bbox 530 3267 641 3330; x_wconf 90' lang='lat' dir='ltr'><strong>pacem</strong></span> <span class='ocrx_word' id='word_1_192' title='bbox 672 3267 797 3330; x_wconf 89' lang='lat' dir='ltr'><strong>cupere,</strong></span> <span class='ocrx_word' id='word_1_193' title='bbox 822 3252 859 3313; x_wconf 89' lang='lat' dir='ltr'><strong>ut</strong></span> <span class='ocrx_word' id='word_1_194' title='bbox 883 3250 928 3314; x_wconf 91' lang='lat' dir='ltr'><strong>sic</strong></span> <span class='ocrx_word' id='word_1_195' title='bbox 952 3249 1127 3333; x_wconf 87' lang='lat' dir='ltr'><strong>religionis,</strong></span> <span class='ocrx_word' id='word_1_196' title='bbox 1158 3249 1203 3314; x_wconf 91' lang='lat' dir='ltr'><strong>sic</strong></span> <span class='ocrx_word' id='word_1_197' title='bbox 1231 3269 1365 3315; x_wconf 91' lang='lat' dir='ltr'><strong>uenera-</strong></span> <span class='ocrx_word' id='word_1_198' title='bbox 1384 3279 1413 3321; x_wconf 73' lang='lat'><strong>25</strong></span> 
     </span>
     <span class='ocr_line' id='line_1_27' title="bbox 213 3354 1365 3438; baseline 0.001 -18"><span class='ocrx_word' id='word_1_199' title='bbox 213 3356 327 3421; x_wconf 87' lang='lat' dir='ltr'><strong>biliam</strong></span> <span class='ocrx_word' id='word_1_200' title='bbox 358 3358 486 3438; x_wconf 90' lang='lat' dir='ltr'><strong>patrum</strong></span> <span class='ocrx_word' id='word_1_201' title='bbox 520 3354 901 3432; x_wconf 84' lang='lat' dir='ltr'><strong>const&#39;tutase1·uentur;</strong></span> <span class='ocrx_word' id='word_1_202' title='bbox 933 3355 1081 3438; x_wconf 87' lang='lat' dir='ltr'><strong>quoniam</strong></span> <span class='ocrx_word' id='word_1_203' title='bbox 1111 3375 1189 3437; x_wconf 89' lang='lat' dir='ltr'><strong>quae</strong></span> <span class='ocrx_word' id='word_1_204' title='bbox 1217 3356 1300 3422; x_wconf 88' lang='lat' dir='ltr'><strong>inter</strong></span> <span class='ocrx_word' id='word_1_205' title='bbox 1328 3375 1365 3421; x_wconf 85' lang='lat' dir='ltr'><strong>se</strong></span> 
     </span>
     <span class='ocr_line' id='line_1_28' title="bbox 214 3460 1365 3544; baseline 0 -16"><span class='ocrx_word' id='word_1_206' title='bbox 214 3481 352 3529; x_wconf 87' lang='lat' dir='ltr'><strong>consona</strong></span> <span class='ocrx_word' id='word_1_207' title='bbox 390 3460 577 3525; x_wconf 89' lang='lat' dir='ltr'><strong>credulitate</strong></span> <span class='ocrx_word' id='word_1_208' title='bbox 611 3479 673 3524; x_wconf 93' lang='lat' dir='ltr'><strong>non</strong></span> <span class='ocrx_word' id='word_1_209' title='bbox 707 3460 898 3544; x_wconf 88' lang='lat' dir='ltr'><strong>discrepant,</strong></span> <span class='ocrx_word' id='word_1_210' title='bbox 932 3481 1068 3544; x_wconf 91' lang='lat' dir='ltr'><strong>aequum</strong></span> <span class='ocrx_word' id='word_1_211' title='bbox 1102 3464 1161 3542; x_wconf 89' lang='lat' dir='ltr'><strong>est,</strong></span> <span class='ocrx_word' id='word_1_212' title='bbox 1193 3467 1230 3527; x_wconf 90' lang='lat' dir='ltr'><strong>ut</strong></span> <span class='ocrx_word' id='word_1_213' title='bbox 1263 3463 1365 3529; x_wconf 90' lang='lat' dir='ltr'><strong>simili</strong></span> 
     </span>
    </p>

    <p class='ocr_par' dir='ltr' id='par_1_7' title="bbox 170 3566 1365 3644">
     <span class='ocr_line' id='line_1_29' title="bbox 170 3566 1365 3644; baseline 0 -9"><span class='ocrx_word' id='word_1_214' title='bbox 170 3583 191 3644; x_wconf 76' lang='lat'>4</span> <span class='ocrx_word' id='word_1_215' title='bbox 215 3568 436 3635; x_wconf 89' lang='lat' dir='ltr'><strong>obseruatione</strong></span> <span class='ocrx_word' id='word_1_216' title='bbox 465 3566 654 3632; x_wconf 88' lang='lat' dir='ltr'><strong>subsistant.</strong></span> <span class='ocrx_word' id='word_1_217' title='bbox 724 3567 779 3632; x_wconf 90' lang='lat' dir='ltr'><strong>sed</strong></span> <span class='ocrx_word' id='word_1_218' title='bbox 808 3587 864 3633; x_wconf 91' lang='lat' dir='ltr'><strong>cur</strong></span> <span class='ocrx_word' id='word_1_219' title='bbox 891 3567 1012 3633; x_wconf 91' lang='lat' dir='ltr'><strong>diutius</strong></span> <span class='ocrx_word' id='word_1_220' title='bbox 1040 3569 1269 3634; x_wconf 79' lang='lat' dir='ltr'><strong>immoramur?</strong></span> <span class='ocrx_word' id='word_1_221' title='bbox 1298 3570 1365 3635; x_wconf 88' lang='lat' dir='ltr'><strong>scis</strong></span> 
     </span>
    </p>
   </div>
   <div class='ocr_carea' id='block_1_4' title="bbox 213 3776 1370 4365">
    <p class='ocr_par' dir='ltr' id='par_1_8' title="bbox 249 3776 1370 3842">
     <span class='ocr_line' id='line_1_30' title="bbox 249 3776 1370 3842; baseline -0.001 -11"><span class='ocrx_word' id='word_1_222' title='bbox 249 3776 347 3833; x_wconf 84' lang='lat' dir='ltr'><strong>3iobs</strong></span> <span class='ocrx_word' id='word_1_223' title='bbox 372 3778 403 3842; x_wconf 88' lang='lat' dir='ltr'><strong>V,</strong></span> <span class='ocrx_word' id='word_1_224' title='bbox 423 3794 527 3833; x_wconf 72' lang='lat' dir='ltr'><strong>corno</strong></span> <span class='ocrx_word' id='word_1_225' title='bbox 564 3777 678 3833; x_wconf 83' lang='lat' dir='ltr'><strong>5fabor</strong></span> <span class='ocrx_word' id='word_1_226' title='bbox 701 3779 727 3832; x_wconf 91' lang='lat' dir='ltr'><strong><em>V</em></strong></span> <span class='ocrx_word' id='word_1_227' title='bbox 781 3779 927 3832; x_wconf 89' lang='lat' dir='ltr'><strong>secundum</strong></span> <span class='ocrx_word' id='word_1_228' title='bbox 948 3779 1142 3834; x_wconf 69' lang='lat' dir='ltr'><strong>wimundum</strong></span> <span class='ocrx_word' id='word_1_229' title='bbox 1160 3785 1191 3833; x_wconf 81' lang='lat' dir='ltr'><strong>ut</strong></span> <span class='ocrx_word' id='word_1_230' title='bbox 1209 3779 1323 3832; x_wconf 82' lang='lat' dir='ltr'><strong>uidetur</strong></span> <span class='ocrx_word' id='word_1_231' title='bbox 1342 3777 1370 3830; x_wconf 87' lang='lat' dir='ltr'><strong><em>V</em></strong></span> 
     </span>
    </p>

    <p class='ocr_par' dir='ltr' id='par_1_9' title="bbox 213 3866 1366 4365">
     <span class='ocr_line' id='line_1_31' title="bbox 251 3866 1366 3936; baseline -0.004 -13"><span class='ocrx_word' id='word_1_232' title='bbox 251 3867 319 3923; x_wconf 76' lang='lat'>150.</span> <span class='ocrx_word' id='word_1_233' title='bbox 373 3867 550 3936; x_wconf 78' lang='lat' dir='ltr'><strong>Dototep.</strong></span> <span class='ocrx_word' id='word_1_234' title='bbox 570 3872 635 3922; x_wconf 86' lang='grc'><strong>148.</strong></span> <span class='ocrx_word' id='word_1_235' title='bbox 690 3867 765 3922; x_wconf 72' lang='lat' dir='ltr'><strong>aad.</strong></span> <span class='ocrx_word' id='word_1_236' title='bbox 793 3866 1095 3936; x_wconf 75' lang='lat' dir='ltr'><strong>Oar.1²asc;13ar.</strong></span> <span class='ocrx_word' id='word_1_237' title='bbox 1122 3867 1161 3922; x_wconf 82' lang='lat' dir='ltr'><strong>cd</strong></span> <span class='ocrx_word' id='word_1_238' title='bbox 1183 3885 1209 3922; x_wconf 83' lang='lat' dir='ltr'><strong>a.</strong></span> <span class='ocrx_word' id='word_1_239' title='bbox 1232 3870 1366 3934; x_wconf 82' lang='lat'><strong>519‚18,·</strong></span> 
     </span>
     <span class='ocr_line' id='line_1_32' title="bbox 218 3953 1365 4024; baseline 0 -16"><span class='ocrx_word' id='word_1_240' title='bbox 218 3953 326 4010; x_wconf 78' lang='lat' dir='ltr'><strong>Oolleet.</strong></span> <span class='ocrx_word' id='word_1_241' title='bbox 349 3956 469 4022; x_wconf 56' lang='lat' dir='ltr'><strong>Condit,</strong></span> <span class='ocrx_word' id='word_1_242' title='bbox 486 3955 569 4009; x_wconf 74' lang='lat' dir='ltr'><strong>Bra</strong></span> <span class='ocrx_word' id='word_1_243' title='bbox 588 3957 610 4010; x_wconf 93' lang='lat' dir='ltr'><strong><em>I</em></strong></span> <span class='ocrx_word' id='word_1_244' title='bbox 628 3961 695 4024; x_wconf 76' lang='lat'><strong><em>418;</em></strong></span> <span class='ocrx_word' id='word_1_245' title='bbox 718 3956 798 4011; x_wconf 78' lang='lat' dir='ltr'><strong>Tba&#39;el</strong></span> <span class='ocrx_word' id='word_1_246' title='bbox 817 3958 885 4012; x_wconf 81' lang='grc'><em>845.</em></span> <span class='ocrx_word' id='word_1_247' title='bbox 954 3957 1100 4012; x_wconf 81' lang='lat' dir='ltr'><strong>810uaur1</strong></span> <span class='ocrx_word' id='word_1_248' title='bbox 1123 3957 1150 4011; x_wconf 88' lang='lat' dir='ltr'><strong><em>V</em></strong></span> <span class='ocrx_word' id='word_1_249' title='bbox 1219 3957 1250 4011; x_wconf 89' lang='lat'><strong>11</strong></span> <span class='ocrx_word' id='word_1_250' title='bbox 1272 3972 1304 4010; x_wconf 88' lang='lat' dir='ltr'><strong>ac</strong></span> <span class='ocrx_word' id='word_1_251' title='bbox 1324 3955 1365 4008; x_wconf 85' lang='lat'><strong>0²:</strong></span> 
     </span>
     <span class='ocr_line' id='line_1_33' title="bbox 213 4043 1365 4116; baseline 0.004 -19"><span class='ocrx_word' id='word_1_252' title='bbox 213 4044 266 4098; x_wconf 88' lang='lat' dir='ltr'><strong>hae</strong></span> <span class='ocrx_word' id='word_1_253' title='bbox 288 4043 314 4096; x_wconf 93' lang='lat' dir='ltr'><strong><em>V</em></strong></span> <span class='ocrx_word' id='word_1_254' title='bbox 382 4045 416 4098; x_wconf 81' lang='grc'><strong>14</strong></span> <span class='ocrx_word' id='word_1_255' title='bbox 434 4043 612 4098; x_wconf 85' lang='lat' dir='ltr'><strong>adhuetacius</strong></span> <span class='ocrx_word' id='word_1_256' title='bbox 636 4045 667 4110; x_wconf 92' lang='lat' dir='ltr'><strong>V,</strong></span> <span class='ocrx_word' id='word_1_257' title='bbox 686 4046 734 4099; x_wconf 82' lang='lat' dir='ltr'><strong>sed</strong></span> <span class='ocrx_word' id='word_1_258' title='bbox 752 4051 764 4099; x_wconf 90' lang='lat' dir='ltr'><strong>t</strong></span> <span class='ocrx_word' id='word_1_259' title='bbox 782 4046 812 4099; x_wconf 78' lang='lat' dir='ltr'><strong>in</strong></span> <span class='ocrx_word' id='word_1_260' title='bbox 830 4046 840 4099; x_wconf 89' lang='lat' dir='ltr'><strong>l</strong></span> <span class='ocrx_word' id='word_1_261' title='bbox 859 4053 981 4101; x_wconf 84' lang='lat' dir='ltr'><strong>correcta</strong></span> <span class='ocrx_word' id='word_1_262' title='bbox 1000 4047 1112 4101; x_wconf 80' lang='lat' dir='ltr'><strong>uidetur</strong></span> <span class='ocrx_word' id='word_1_263' title='bbox 1184 4046 1301 4116; x_wconf 85' lang='lat' dir='ltr'><strong>repetita</strong></span> <span class='ocrx_word' id='word_1_264' title='bbox 1321 4064 1365 4102; x_wconf 87' lang='lat' dir='ltr'><strong>ra-</strong></span> 
     </span>
     <span class='ocr_line' id='line_1_34' title="bbox 213 4131 1365 4207; baseline 0.002 -21"><span class='ocrx_word' id='word_1_265' title='bbox 213 4134 289 4187; x_wconf 91' lang='lat' dir='ltr'><strong>tione</strong></span> <span class='ocrx_word' id='word_1_266' title='bbox 309 4131 348 4186; x_wconf 76' lang='lat'><strong>0²:</strong></span> <span class='ocrx_word' id='word_1_267' title='bbox 367 4133 612 4204; x_wconf 84' lang='lat' dir='ltr'><strong>repetitaeioneV</strong></span> <span class='ocrx_word' id='word_1_268' title='bbox 667 4136 699 4189; x_wconf 88' lang='lat'><strong>15</strong></span> <span class='ocrx_word' id='word_1_269' title='bbox 719 4133 877 4188; x_wconf 84' lang='lat' dir='ltr'><strong>dissceritur</strong></span> <span class='ocrx_word' id='word_1_270' title='bbox 901 4135 927 4188; x_wconf 93' lang='lat' dir='ltr'><strong><em>V</em></strong></span> <span class='ocrx_word' id='word_1_271' title='bbox 979 4135 1013 4189; x_wconf 87' lang='grc'><strong>18</strong></span> <span class='ocrx_word' id='word_1_272' title='bbox 1032 4135 1157 4207; x_wconf 87' lang='lat' dir='ltr'><strong>seperV</strong></span> <span class='ocrx_word' id='word_1_273' title='bbox 1210 4137 1306 4189; x_wconf 90' lang='lat' dir='ltr'><strong>uotum</strong></span> <span class='ocrx_word' id='word_1_274' title='bbox 1333 4135 1365 4201; x_wconf 87' lang='lat' dir='ltr'><strong>V,</strong></span> 
     </span>
     <span class='ocr_line' id='line_1_35' title="bbox 215 4221 1364 4294; baseline 0.002 -18"><span class='ocrx_word' id='word_1_275' title='bbox 215 4238 284 4276; x_wconf 85' lang='lat' dir='ltr'><strong>corr.</strong></span> <span class='ocrx_word' id='word_1_276' title='bbox 306 4221 370 4276; x_wconf 84' lang='lat' dir='ltr'><strong>Cor.</strong></span> <span class='ocrx_word' id='word_1_277' title='bbox 458 4221 490 4275; x_wconf 90' lang='grc'><strong>19</strong></span> <span class='ocrx_word' id='word_1_278' title='bbox 509 4227 602 4276; x_wconf 87' lang='lat' dir='ltr'><strong>uestra</strong></span> <span class='ocrx_word' id='word_1_279' title='bbox 624 4223 657 4288; x_wconf 87' lang='lat' dir='ltr'><strong>V,</strong></span> <span class='ocrx_word' id='word_1_280' title='bbox 676 4239 743 4278; x_wconf 86' lang='lat' dir='ltr'><strong>corr.</strong></span> <span class='ocrx_word' id='word_1_281' title='bbox 764 4222 791 4274; x_wconf 57' lang='grc' dir='ltr'><strong>οἳ</strong></span> <span class='ocrx_word' id='word_1_282' title='bbox 877 4223 911 4278; x_wconf 76' lang='grc'><strong>20</strong></span> <span class='ocrx_word' id='word_1_283' title='bbox 931 4227 962 4277; x_wconf 92' lang='lat' dir='ltr'><strong>ut</strong></span> <span class='ocrx_word' id='word_1_284' title='bbox 981 4222 1018 4294; x_wconf 76' lang='lat' dir='ltr'><strong>p²:</strong></span> <span class='ocrx_word' id='word_1_285' title='bbox 1039 4228 1066 4278; x_wconf 87' lang='lat' dir='ltr'><strong>et</strong></span> <span class='ocrx_word' id='word_1_286' title='bbox 1085 4224 1112 4279; x_wconf 92' lang='lat' dir='ltr'><strong><em>V</em></strong></span> <span class='ocrx_word' id='word_1_287' title='bbox 1194 4226 1225 4278; x_wconf 82' lang='lat'><strong>21</strong></span> <span class='ocrx_word' id='word_1_288' title='bbox 1247 4225 1364 4278; x_wconf 89' lang='lat' dir='ltr'><strong>inteme-</strong></span> 
     </span>
     <span class='ocr_line' id='line_1_36' title="bbox 215 4309 702 4365; baseline -0.002 -1"><span class='ocrx_word' id='word_1_289' title='bbox 215 4317 290 4365; x_wconf 85' lang='lat' dir='ltr'><strong>ratae</strong></span> <span class='ocrx_word' id='word_1_290' title='bbox 305 4311 374 4365; x_wconf 85' lang='lat' dir='ltr'><strong>Bar.</strong></span> <span class='ocrx_word' id='word_1_291' title='bbox 430 4311 465 4365; x_wconf 86' lang='grc'><strong>28</strong></span> <span class='ocrx_word' id='word_1_292' title='bbox 484 4312 537 4365; x_wconf 85' lang='lat' dir='ltr'><strong>scis</strong></span> <span class='ocrx_word' id='word_1_293' title='bbox 557 4309 596 4365; x_wconf 85' lang='lat'><strong>0²:</strong></span> <span class='ocrx_word' id='word_1_294' title='bbox 616 4311 654 4365; x_wconf 90' lang='lat' dir='ltr'><strong>sis</strong></span> <span class='ocrx_word' id='word_1_295' title='bbox 678 4311 702 4363; x_wconf 91' lang='lat' dir='ltr'><strong><em>V</em></strong></span> 
     </span>
    </p>
   </div>
   <div class='ocr_carea' id='block_1_5' title="bbox 0 0 1529 4975">
    <p class='ocr_par' dir='ltr' id='par_1_10' title="bbox 0 0 1529 4975">
     <span class='ocr_line' id='line_1_37' title="bbox 0 0 1529 4975; baseline 0 0"><span class='ocrx_word' id='word_1_296' title='bbox 0 0 1529 4975; x_wconf 95' lang='lat' dir='ltr'><strong> </strong></span> 
     </span>
    </p>
   </div>
  </div>
 </body>
</html>
