3025 4975
531 455 617 525 Epist.
637 454 838 510 ccxxxxlul
857 454 970 513 1'6-24.
1254 463 1319 525 749

171 669 258 714 niune
283 652 384 716 multo
408 652 516 734 plures
542 655 626 728 sunt,
652 651 769 734 quippe
789 651 885 716 diuisi
905 672 924 716 a
942 653 1104 731 societate,
1125 673 1219 736 quam
1237 654 1320 718 inter

172 777 207 822 se
242 757 329 839 pn'us
363 757 548 836 habuerant,
577 757 691 823 Dibeni
721 758 760 822 ab
788 758 1039 843 Ichthyophagis
1068 763 1101 824 et
1129 759 1319 824 Siriudibeui

170 865 211 928 ab
238 863 387 928 Euilaeis.
413 864 451 928 de
474 865 524 928 his
549 867 667 942 autem,
688 885 760 929 curn
780 885 890 930 rursus
910 884 1019 930 eorum
1039 866 1077 930 ad
1097 867 1167 931 loca
1185 870 1318 931 uentum

169 971 278 1048 fuerit,
307 973 459 1038 historica
492 973 667 1036 narratione
699 973 876 1037 referimus.
909 992 1000 1037 mons
1034 978 1151 1051 autem,
1186 974 1223 1038 de
1255 993 1317 1056 quo

134 1098 258 1144 snunc
286 1078 377 1144 nobis
405 1097 508 1144 sermo
538 1081 597 1155 est,
621 1081 698 1142 tunc
721 1079 873 1143 Romanis
898 1080 966 1142 erat
989 1078 1148 1143 subditus.
1175 1079 1370 1164 Smarag-21

170 1185 283 1250 diuum
307 1205 383 1250 nero
408 1185 455 1249 sic
479 1189 613 1253 uocatur
636 1186 822 1250 naturaliter
844 1186 951 1250 insula
973 1185 1109 1262 modica,
1130 1206 1165 1250 ex
1185 1187 1318 1250 aduerso

169 1293 236 1356 sita
254 1291 436 1369 Berenicae,
456 1291 488 1355 in
509 1311 571 1374 qua
589 1293 700 1373 portus
720 1295 772 1356 est
784 1292 891 1356 Indiae
907 1291 1045 1376 dirigens
1060 1293 1099 1357 ad
1114 1293 1317 1370 Thebaidem,

167 1418 253 1482 quae
286 1419 304 1462 a
337 1398 512 1462 continenti
544 1401 627 1462 terra
659 1397 818 1463 Thebaica
850 1399 949 1464 distat
979 1399 1076 1463 uanius
1110 1398 1172 1463 diei
1211 1417 1318 1476 cursu,

166 1525 245 1570 curn
279 1508 328 1569 est
360 1505 525 1588 nauigium
557 1523 754 1588 prosperum,
792 1504 852 1569 hoc
889 1509 939 1570 est
974 1506 1106 1570 milibus
1144 1505 1316 1589 octoginta.

117 1635 145 1674 10
166 1613 324 1697 contigua
357 1615 406 1677 est
438 1617 545 1676 autem
578 1612 741 1689 Berenice,
776 1631 856 1694 quae
890 1613 936 1676 sic
973 1613 1159 1694 appellatur,
1196 1613 1316 1696 regioni

167 1719 400 1803 Elephantiuae
420 1738 478 1783 nec
497 1737 557 1783 nou
578 1721 609 1782 et
628 1719 740 1796 Telmi,
762 1737 842 1802 quae
860 1737 944 1782 nuuc
958 1738 976 1782 a
988 1719 1130 1801 Blemyis
1145 1718 1315 1784 obtinetur.

166 1828 358 1890 corruerunt
386 1829 492 1890 autern
520 1825 637 1890 montis
667 1826 762 1889 huius
787 1825 917 1888 metalla
940 1827 1078 1906 suntque
1101 1825 1232 1889 metalla
1254 1826 1317 1888 alia

163 1934 199 1997 in
230 1933 375 2014 ipsorum
402 1932 544 1996 barbarie
572 1931 777 2015 Blemyorum
804 1932 891 1995 iuxta
919 1931 1065 1996 Telmeos
1092 1931 1125 1994 in
1153 1933 1316 1996 montibus

164 2040 357 2116 constituta,
387 2058 466 2121 quac
490 2059 573 2102 nunc
598 2038 783 2102 effodientes
807 2039 930 2102 barbari
955 2037 1138 2122 smaragdos
1162 2038 1316 2104 incidunt.

116 2169 143 2205 ιε,
162 2147 220 2210 uis
246 2149 352 2209 autern
376 2145 492 2227 lapidis
516 2147 611 2210 huius
634 2145 666 2208 in
691 2145 917 2227 speculandam
938 2145 1070 2220 faciem;
1091 2145 1207 2210 dicitur
1226 2149 1257 2209 et
1276 2147 1314 2210 ab
1326 2149 1369 2210 22

162 2253 230 2324 his,
257 2253 312 2334 qni
336 2253 482 2330 fabulosa
505 2252 699 2336 confingunt,
723 2253 886 2340 praescius
911 2271 981 2316 esse
1004 2251 1195 2317 futurorum.

212 2379 255 2423 uu
271 2379 385 2424 aturrus
404 2379 617 2423 olrueuncuno.
675 2358 894 2424 Carbunculus
909 2359 1006 2423 habet
1020 2359 1158 2441 speciem
1172 2358 1315 2423 rubricae
1327 2363 1370 2425 23

161 2467 265 2532 nimis
293 2466 508 2532 acritissimae.
537 2465 678 2531 nascitur
702 2468 809 2530 arrtun
833 2465 918 2548 apud
942 2465 1165 2550 Carthaginem
1188 2465 1315 2549 Libyae,

161 2594 251 2657 qnae
288 2574 395 2639 Africa
432 2578 575 2638 uocatur.
614 2573 668 2637 alii
704 2592 779 2637 uero
818 2574 928 2637 dicunt
963 2573 1048 2637 bunc
1089 2574 1225 2655 lapidem
1269 2573 1317 2639 sic

112 2709 139 2744 eo
161 2681 323 2746 inueniri:
354 2702 413 2746 nou
437 2681 539 2745 uideri
565 2700 620 2763 per
644 2679 727 2743 diem
752 2679 809 2743 sed
830 2699 886 2763 per
907 2683 1050 2757 noctem;
1074 2682 1185 2762 procul
1209 2686 1317 2745 antem

162 2791 198 2854 in
228 2786 362 2853 modum
389 2786 545 2868 lampadis
574 2786 626 2849 rrel
654 2786 798 2850 carbonis
826 2785 909 2869 iguis
942 2788 1128 2851 naturaliter
1161 2786 1316 2853 scintillas

162 2895 317 2960 emittere
341 2897 372 2957 et
396 2894 472 2957 hora
494 2892 622 2975 quidem
647 2893 741 2957 sicuti
767 2893 859 2956 carbo
885 2893 966 2977 ignis
986 2894 1126 2962 accendi.
1147 2894 1223 2958 hora
1241 2913 1316 2958 uero

161 3001 325 3077 desinere,
349 3000 454 3063 itaut
477 3000 676 3082 splendorem
700 3001 780 3078 eiua,
805 3002 859 3082 qui
882 3001 966 3065 hunc
989 3001 1127 3084 lapidem
1152 3006 1315 3084 quaerunt,

162 3106 297 3172 eminus
320 3106 480 3171 intuentes
506 3107 544 3170 ob
569 3107 629 3171 hoc
652 3108 770 3189 ipsum,
791 3107 876 3189 quod
894 3126 950 3190 per
967 3109 1137 3173 interualla
1155 3112 1317 3191 comparet

109 3243 138 3283 25
161 3218 201 3277 et
230 3230 343 3275 rursus
371 3212 575 3294 extinguitur,
606 3232 679 3275 euru
708 3230 779 3276 esse
803 3217 998 3295 cognoscant
1020 3217 1253 3296 pergentesque
1277 3212 1316 3275 ad

161 3322 241 3385 eius
271 3317 427 3401 fulgorem
456 3318 502 3382 ita
529 3319 696 3401 reperiant.
726 3319 783 3383 sed
806 3320 861 3401 qui
886 3338 959 3383 eum
981 3324 1096 3400 portat,
1122 3338 1195 3383 eum
1217 3320 1315 3384 latere

159 3447 231 3492 non
266 3428 388 3507 potest3
422 3444 493 3489 nam
527 3426 725 3506 quibuslibet
756 3426 958 3491 uestimentis
996 3427 1131 3503 occulat,
1170 3427 1317 3507 splendor

160 3538 260 3599 extra
284 3532 474 3597 uestimenta
493 3532 649 3596 conlucet.
670 3532 753 3595 uude
774 3536 807 3597 et
825 3532 1038 3597 carbunculus
1057 3532 1236 3614 appellatus
1256 3536 1314 3606 est,

160 3640 209 3705 ob
246 3639 326 3701 hanc
360 3639 484 3703 scilicet
517 3658 655 3703 eausam.
689 3658 857 3722 parumper
885 3641 991 3703 autem
1019 3642 1051 3701 et
1078 3638 1243 3702 ceraunius
1271 3638 1369 3709 itaqq

205 3932 336 3987 rsntr
420 3933 637 4002 diethiophagis
661 3932 687 3985 V
753 3932 913 3986 'lberonice
932 3934 958 3986 V
1038 3932 1211 3987 SThebaida
1231 3932 1315 4002 Foyp.

159 4022 201 4078 10
227 4020 354 4091 beronice
381 4020 412 4083 V,
435 4021 582 4074 Beronicae
605 4020 689 4090 Fopp.
783 4023 813 4074 ll
839 4021 873 4074 ab
896 4022 980 4090 lemys
1009 4022 1044 4074 V:
1069 4038 1085 4073 a
1107 4022 1209 4075 Blemis
1232 4020 1315 4091 Fop.

158 4108 439 4180 13BarbariaFoyp.
490 4110 682 4179 blemmyorum
698 4110 724 4163 V
777 4110 884 4164 Telmiu
899 4110 1162 4178 autTalminFoqp.
1202 4110 1235 4163 18
1254 4127 1316 4163 acu·

154 4199 278 4255 tissime
297 4198 323 4251 V
373 4200 404 4251 al
425 4198 559 4267 lampadis
578 4200 677 4267 scripsi
695 4198 842 4271 (λαμπάδος
859 4199 1017 4269 Ep.¹Ep.²):
1037 4198 1136 4269 lapidis
1160 4198 1187 4251 V
1260 4200 1315 4251 sin·

153 4288 246 4343 tillas
272 4284 298 4338 V
360 4288 393 4341 26
412 4288 498 4341 latere
521 4289 670 4342 transilisse
693 4295 868 4356 usurpatum,
893 4295 925 4342 ut
948 4290 1019 4343 idem
1041 4290 1078 4342 sit
1101 4288 1175 4356 quod
1198 4289 1318 4342 occulere

155 4372 377 4445 (βασταζόμενον
397 4373 423 4427 δὲ
443 4374 568 4428 ἀδύνατον
590 4374 722 4428 διαλαθεῖν
741 4376 820 4444 ΕΡᾹ)
875 4379 909 4430 29
930 4382 957 4431 et
980 4378 1014 4433 V:
1034 4382 1062 4431 et
1075 4378 1152 4445 (qui)
1165 4376 1192 4429 o²
