3025 4975
213 416 277 478 646
458 410 603 465 Hormisda
621 411 785 475 Iustiniano;
806 410 950 465 Hormisda
968 411 1119 465 Iustiniano

213 608 263 672 dei
296 607 456 671 dominum
489 610 634 671 nostrum
673 626 728 689 pro
768 611 878 671 nostra
914 611 1017 673 salute
1051 626 1142 673 carne
1176 606 1359 674 crucifixum

212 734 312 779 unum
345 714 383 778 de
410 714 551 779 trinitate
580 714 691 779 debere
719 714 903 795 praedicari.
941 715 1026 797 quod
1058 714 1086 780 si
1119 714 1359 797 suscipiendum

214 823 266 900 sit,
308 824 438 904 paterna
477 822 659 904 prouisione
698 822 876 886 reuerentia
921 824 1028 887 uestra
1069 822 1253 887 cautissimo
1300 840 1359 885 suo

213 930 367 1012 rescripto
393 928 468 1012 quid
492 929 584 1010 aequi
607 928 725 1010 quidue
753 948 849 1011 super
871 929 932 993 hoc
956 930 1075 993 euitare
1104 928 1274 993 debeamus
1302 948 1361 993 nos

215 1037 381 1102 certiorare
414 1036 577 1119 dignatum
613 1036 761 1117 qnoniam
789 1036 886 1101 uerba
917 1036 1066 1099 uidentur
1102 1036 1204 1100 facere
1241 1035 1362 1099 dissen-
1392 1055 1405 1095 s

215 1145 353 1209 sionem:
372 1161 444 1206 nam
460 1162 573 1207 sensns
589 1142 671 1207 inter
685 1142 859 1207 catholicos
877 1162 984 1207 omnes
1004 1162 1088 1207 onus
1109 1162 1178 1207 esse
1198 1142 1362 1225 probatur.
1506 1124 1507 1131 ἵ

171 1248 366 1331 3imponite
400 1249 499 1333 igitur
530 1249 623 1313 uobis
656 1251 755 1313 semel
787 1252 973 1331 susceptum
1005 1249 1157 1327 laborem,
1187 1252 1295 1313 sancte
1326 1268 1363 1313 ao

215 1356 404 1421 uenerabilis
433 1358 532 1438 pater,
557 1355 654 1420 etiam
676 1356 707 1419 in
731 1357 791 1420 hoc
821 1355 1003 1422 decessores
1028 1360 1152 1421 uestros
1181 1360 1363 1439 sequentes,

216 1482 350 1545 quorum
381 1463 567 1527 memoriam
596 1465 629 1526 et
656 1463 884 1544 amplectimini
912 1466 945 1527 et
968 1463 1124 1529 consortio
1157 1463 1364 1544 pontificatus

218 1571 346 1647 omatis‚
376 1573 409 1634 et
436 1570 474 1633 do
502 1571 562 1634 hac
589 1570 763 1634 intentione
795 1570 912 1635 liberos
945 1588 1002 1635 nos
1035 1574 1200 1653 properate
1233 1569 1411 1634 redderem

217 1680 250 1742 et
273 1695 412 1741 securos.
436 1677 497 1741 hoc
521 1677 605 1741 enim
634 1676 791 1741 credimus
816 1696 886 1741 essa
911 1660 1115 1755 catholicum,
1142 1676 1227 1759 quod
1254 1680 1365 1742 uestro

173 1782 192 1842 4
216 1784 366 1869 religioso
389 1802 541 1866 responso
565 1783 656 1848 nobis
680 1783 778 1848 fuerit
799 1784 992 1848 intimatum.
1039 1784 1114 1866 quia
1141 1802 1216 1847 nero
1242 1782 1367 1847 dictum

219 1894 268 1956 est
291 1890 457 1973 Scythicos
481 1891 652 1955 monachos
676 1891 735 1954 hac
760 1890 881 1955 ratione
905 1891 944 1954 ad
968 1890 1075 1955 sedem
1099 1892 1241 1955 nestram
1260 1908 1367 1955 acees-

219 1998 310 2075 sisse,
334 2017 389 2080 pro
413 1997 583 2062 traditione
606 2001 732 2079 patrum
756 2001 789 2061 et
813 1997 920 2061 ordine
944 1998 1126 2081 regularum
1149 1997 1293 2079 praebito
1319 1996 1367 2061 eis

218 2122 370 2186 responso
394 2103 475 2167 nihil
498 2104 703 2169 formidantes
728 2104 768 2168 ad
791 2123 848 2168 nos
873 2123 945 2167 oum
969 2104 1086 2168 litteris
1115 2103 1233 2168 uestris
1257 2104 1368 2169 iubeto
1388 2126 1412 2162 rs
1509 2115 1510 2181 l

218 2211 397 2285 remittere;
423 2230 556 2292 quarum
579 2210 674 2273 etiam
698 2210 887 2291 exemplaria
912 2209 1098 2293 consignata
1116 2210 1275 2293 praedicto
1297 2211 1368 2275 uiro

220 2320 347 2381 strenuo
366 2316 502 2399 Eulogio
522 2317 588 2380 dari
607 2316 790 2399 praecipite.
810 2317 888 2381 haec
908 2316 990 2379 enim
1011 2317 1117 2383 omnia
1135 2317 1205 2383 ideo
1225 2318 1369 2400 potimus

220 2442 280 2488 uos
314 2423 478 2506 disponere
511 2423 645 2502 continno,
679 2428 716 2488 ut
747 2442 786 2488 ne
819 2424 909 2488 locus
948 2423 1110 2490 mendacio
1154 2425 1205 2489 uel
1240 2424 1369 2490 insidiis

222 2531 322 2607 detur,
344 2531 491 2612 quoniam
507 2522 630 2595 summo
646 2550 719 2594 oram
734 2530 890 2594 desiderio
907 2531 1001 2596 fidem
1020 2531 1210 2596 catholicam
1230 2531 1370 2613 amplec-

221 2640 325 2703 tentes
359 2638 466 2701 uestra
499 2635 642 2700 doctrina
673 2636 829 2700 unitatem
857 2637 1007 2702 uniuerso
1032 2637 1099 2702 orbi
1126 2637 1266 2719 petimus
1297 2656 1370 2701 oon·
1389 2662 1416 2700 ao

222 2744 340 2812 donari.

703 2920 709 2927 ι
739 2831 848 2914 (189.)

266 2975 424 3023 nonmsnn
454 2975 638 3021 rnsrnunro
670 2975 819 3020 rnnusnnr.
880 2957 1016 3040 Eulogio
1044 2977 1076 3022 u.
1107 2977 1133 3022 c.
1164 2957 1227 3022 filio
1259 2961 1371 3022 nostro

222 3065 380 3129 deferente
402 3064 524 3127 litteras
549 3062 748 3127 celsitudinis
772 3066 897 3126 uestrae
922 3064 1122 3144 suscepimus
1147 3083 1246 3146 eoque
1269 3085 1371 3130 reme-

223 3175 295 3237 ante
328 3170 470 3235 debitum
501 3172 719 3253 persoluentos
747 3170 949 3235 salutationis
979 3171 1121 3236 officium
1149 3171 1371 3256 significamus
1391 3195 1419 3236 ss

224 3277 430 3361 Scyth<ic>os
454 3276 625 3341 monachos
650 3276 807 3360 allegasse
831 3277 978 3359 plurima,
1003 3297 1083 3360 quae
1107 3297 1164 3343 nos
1191 3278 1372 3361 relinquere

222 3385 402 3449 indiscussa
417 3402 478 3447 non
493 3401 682 3463 possumus3
703 3382 760 3447 sed
774 3383 953 3467 legatorum
969 3387 1149 3450 nostrorum
1166 3384 1223 3450 deo
1238 3385 1373 3450 iuuante

181 3490 421 3556 2sustinemns
458 3489 642 3554 aduentum.
697 3510 753 3574 pro
787 3509 851 3572 qua
882 3511 914 3555 re
948 3509 1002 3556 eos
1034 3491 1066 3555 in
1100 3492 1175 3556 urbe
1211 3492 1373 3556 oredimus

223 3597 413 3673 retinendos,
443 3615 462 3660 a
489 3615 552 3678 qua
578 3615 636 3661 nec
664 3597 726 3678 ipsi
754 3597 950 3662 ordinatione
984 3597 1186 3662 dissentiunt.
1221 3599 1373 3681 amplitu-

224 3704 329 3768 dinem
348 3709 453 3766 tamen
472 3707 612 3767 uest-ram
630 3703 765 3767 retinere
786 3703 984 3782 confidimus,
1009 3705 1094 3788 quod
1118 3705 1156 3769 de
1179 3705 1258 3788 ipsis
1278 3705 1373 3770 nobis
1391 3735 1418 3774 oo

261 3895 294 3948 13
313 3892 361 3947 sch
380 3894 448 3946 ticos
472 3893 499 3945 V

261 3983 330 4039 189.
361 3911 438 4036 ydlot.
456 3982 553 4048 (amul
570 3999 631 4036 cum
649 3999 708 4050 epp.
729 3986 787 4036 190
805 3987 866 4037 202
885 3987 946 4038 203
965 3987 1027 4038 207
1045 3988 1103 4038 210
1120 3987 1188 4052 211)Ι
1204 4001 1230 4038 o.
1254 3987 1310 4037 519
1329 3985 1376 4040 dic

225 4077 245 4127 2
268 4071 351 4140 Sept,
370 4087 422 4139 per
443 4071 601 4141 Eaclopiom.
657 4073 732 4126 aad.
761 4075 833 4126 Car..
850 4073 880 4126 1²
906 4077 978 4142 527,·
1001 4075 1071 4128 Bar.
1098 4074 1137 4128 od
1162 4091 1188 4128 o.
1218 4077 1280 4136 519,
1307 4079 1375 4140 117,·

228 4161 337 4216 Collect.
360 4159 477 4226 Conci&
490 4161 604 4214 BTAI
613 4164 686 4228 439,-
702 4162 781 4215 Tlriel
796 4164 863 4215 887.
912 4163 945 4216 23
961 4163 994 4231 a]
1012 4163 1039 4216 ol
1052 4163 1098 4217 uel
1112 4163 1129 4215 d
1142 4163 1188 4233 (=
1204 4161 1334 4228 denoto?>
1352 4163 1379 4216 V

226 4253 261 4306 25
275 4250 459 4320 significantes
483 4251 513 4314 V,
534 4267 602 4305 corr.
621 4251 692 4305 Bor.
801 4253 835 4305 26
860 4252 969 4321 schytos
995 4253 1025 4318 V,
1054 4254 1175 4306 correxi:
1202 4252 1310 4322 scythos
1337 4251 1375 4318 οἳ,

226 4341 334 4411 scythas
353 4337 380 4408 ρ’
452 4339 580 4409 alligasse
604 4339 630 4391 V
