3025 4975
664 453 678 507 I
699 453 776 508 1-3.
1225 455 1292 519 775

148 651 309 731 tamquam
323 647 501 712 inauditum
516 647 678 731 quippiam
693 667 787 712 nosse
801 647 970 726 desiderat,
981 647 1066 730 quod
1075 647 1292 731 Eutychianae

148 755 347 839 pestilentiae
385 755 669 820 communicatores
706 775 767 821 non
803 756 966 833 habentes,
1005 755 1082 837 quid
1117 775 1173 838 pro
1214 775 1293 821 suae

148 862 333 946 perditionis
371 861 583 926 obstinatione
620 863 841 944 respondeant,
878 861 1037 944 frequenti
1071 863 1136 927 iam
1172 866 1293 928 ratione

150 969 286 1034 conuicti
312 969 381 1034 sola
404 969 604 1034 commotione
628 969 899 1044 submurmurant,
919 987 981 1034 non
1001 969 1076 1051 quia
1094 970 1138 1034 sit
1155 970 1292 1036 alieuius

122 1077 299 1140 emomenti
323 1075 408 1158 quod
433 1077 584 1159 garriunt,
604 1095 661 1140 nec
680 1075 849 1140 inueniunt
866 1076 995 1158 penitus
1015 1075 1091 1158 quid
1110 1077 1292 1159 loquentiu.

149 1182 202 1246 ubi
230 1183 334 1266 magis
364 1200 428 1258 eos,
458 1183 512 1266 qui
541 1183 709 1248 catholicis
739 1182 886 1247 sensibus
915 1182 1056 1248 instituti
1081 1186 1165 1255 sunt,
1189 1183 1293 1249 adhuc
1317 1179 1339 1240 2

150 1291 276 1355 haerere
304 1290 456 1354 miramur
484 1309 578 1373 quam
603 1289 688 1367 illos,
713 1289 767 1371 qui
791 1309 810 1353 a
832 1289 967 1355 ueritate
991 1290 1176 1355 exciderunt
1198 1294 1232 1355 et
1254 1292 1292 1355 ab

149 1397 277 1479 antiqua
317 1396 470 1462 ecclesiae
510 1395 679 1462 traditione
721 1400 797 1460 suut
838 1395 934 1474 deuii,
980 1398 1129 1481 profanas
1174 1416 1293 1462 uocum

149 1503 307 1568 nouitates
335 1509 368 1568 et
394 1504 531 1585 ineptias
560 1503 697 1568 caducae
725 1503 946 1585 peruersitatis
970 1503 1150 1583 obtendere,
1176 1505 1294 1587 quibus
1357 1538 1360 1544 ,

108 1631 131 1670 n
149 1629 202 1675 ecs
225 1613 336 1676 uestra
359 1610 488 1676 dileetio
512 1611 638 1676 rettulit
660 1611 806 1675 iactitare
829 1610 901 1676 ideo
924 1611 1077 1675 Acacium
1101 1631 1161 1676 nou
1180 1617 1293 1694 putare

149 1717 214 1781 iure
248 1717 441 1795 damnatum,
465 1715 550 1799 quod
582 1736 644 1782 non
682 1717 814 1800 speciali
852 1717 971 1801 synodo
1008 1717 1156 1782 uideatur
1191 1719 1294 1782 fuisse

150 1823 303 1900 deiectus,
341 1826 373 1888 ct
404 1823 535 1906 insuper
567 1821 759 1888 domentiam
793 1841 868 1889 suae
900 1823 1053 1888 sanitatis
1087 1824 1295 1888 adcumulant

148 1929 311 2012 pueriliter
342 1930 515 1995 adicientes
553 1931 731 2014 ‘praecipue
768 1929 949 2014 pontificem
985 1930 1093 2014 regiae
1129 1925 1340 1995 ciuitatis‘.3

149 2039 340 2118 quapropter
359 2036 529 2101 stultitiam
541 2041 727 2120 respuentes
738 2037 880 2101 inanium
890 2037 1103 2119 querellarum
1114 2056 1294 2119 percurrere

108 2161 131 2200 1⁶
147 2162 204 2208 uos
230 2143 356 2224 oportet
380 2143 417 2207 sb
441 2143 521 2226 ipsis
545 2145 647 2208 beatis
672 2144 826 2226 apostolis
846 2147 878 2207 et
897 2143 1095 2208 considerare
1114 2146 1293 2226 prudenter,

149 2251 299 2333 quoniam
325 2252 431 2332 patres
455 2251 566 2326 nostri,
592 2251 741 2316 catholici
768 2249 920 2315 uidelicet
941 2251 1092 2331 doctique
1115 2251 1293 2333 pontifices.

148 2357 179 2420 in
211 2376 400 2440 unaquaque
434 2357 557 2422 haeresi
590 2357 734 2440 quolibet
766 2361 909 2440 tempore
948 2357 1104 2421 suscitate
1139 2359 1294 2440 quidquid

148 2600 314 2653 pnoanqnana
332 2586 413 2639 hodie
432 2586 538 2654 aliquot
559 2586 638 2640 nitie'e
660 2592 743 2649 caret,
767 2586 867 2654 quibas
885 2590 988 2640 ceterm
1006 2586 1176 2640 collectiones
1195 2586 1294 2654 deprc-

148 2680 231 2727 nctae
249 2678 323 2737 cunt,
343 2678 435 2727 tamen
454 2675 493 2727 ud
509 2674 581 2728 idem
599 2676 733 2744 epitomae
756 2675 907 2743 coemptam
927 2676 1000 2728 redet
1020 2675 1080 2727 e'om
1097 2676 1142 2728 ln'c
1157 2674 1218 2728 illic
1236 2691 1296 2729 cor·

148 2768 268 2835 neptum,
283 2778 316 2815 ec
333 2780 385 2831 quo
395 2764 540 2833 fluxerunt
554 2766 638 2819 etiam
655 2763 734 2833 Quill.
753 2780 839 2832 neque
853 2769 952 2822 tarum.
967 2763 999 2817 id
1012 2764 1087 2833 qseod
1099 2764 1298 2819 contenderunt

147 2850 308 2916 Bollerina'i,
330 2851 563 2907 Pseudoa'aidorus
585 2853 659 2907 lanne
682 2853 830 2920 epistulam
856 2868 889 2907 er
911 2852 1003 2906 codice
1025 2853 1145 2920 pecodem
1165 2854 1295 2922 Qneaeeel-

148 2941 242 2993 lionae
265 2940 421 3009 desumpsit,
440 2942 521 2995 immo
539 2948 571 2995 nt
588 2942 699 2996 uidetur
717 2957 731 2995 e
749 2942 841 2995 codice
863 2942 957 3009 aliqsoo
985 2940 1136 2996 Ueronensi
1153 2962 1167 2993 u
1185 2941 1294 2995 similli-

146 3046 196 3083 mo.
253 3030 395 3084 Lectiones
416 3031 524 3098 sceneca
547 3030 680 3099 lonpiore'o
705 3033 752 3097 (=
772 3027 807 3098 u)
830 3032 876 3084 nel
897 3031 1069 3100 sinpnlorum
1092 3031 1149 3083 eine
1172 3030 1296 3085 codicum

146 3116 285 3185 (VRAB)
307 3118 452 3184 adnotant,
472 3119 632 3188 ubicumque
650 3136 664 3173 e
680 3136 711 3173 re
727 3120 885 3177 uidebatur.
971 3120 1129 3174 Edideracnt
1146 3120 1220 3173 irene
1238 3121 1296 3189 epi·

148 3212 235 3261 tomen
266 3206 414 3269 Merlinns,
448 3208 521 3261 Tene.
554 3208 573 3261 Ι
597 3208 776 3263 conciliorum
806 3208 861 3276 sol.
901 3225 1086 3262 cren-oxoru
1119 3210 1295 3275 (adiunctum

147 3300 184 3347 esi
201 3294 243 3349 a'ba‘
254 3294 444 3365 srapmentnm
463 3320 496 3341 =
519 3295 598 3350 Thiel
611 3315 641 3366 p.
664 3300 723 3350 422
741 3313 781 3367 ep.
802 3301 870 3362 27),·
892 3296 1001 3361 sonno,
1023 3298 1098 3353 Tene.
1123 3297 1161 3350 11
1182 3299 1294 3351 condii-

146 3398 223 3437 crum
237 3400 268 3451 p.
291 3386 365 3450 306;
387 3384 554 3454 Qnecnellna
574 3384 677 3440 Leonis
700 3403 762 3455 opp.
782 3387 822 3439 11
839 3388 910 3453 180;
932 3386 1092 3442 Ballerine'i.
1110 3386 1213 3439 Leonis
1231 3404 1293 3455 opp.

146 3470 203 3525 ΙΙΙ
231 3476 307 3539 347,·
336 3472 498 3537 Hinaelu'ns,
530 3472 637 3528 Decret.
668 3474 842 3531 Prendoe'sid.
867 3492 897 3543 p.
927 3478 981 3527 641
1009 3476 1125 3540 (cnecon
1156 3474 1295 3544 Quesnellr'

145 3564 294 3628 repetens);
316 3560 395 3615 Thiel
415 3565 477 3615 414.
556 3580 586 3631 p.
607 3563 669 3625 774,
690 3562 708 3617 l.
727 3564 743 3617 3
762 3563 902 3633 Incipiunt
920 3563 1040 3617 rationes
1059 3562 1231 3628 (traditiones
1254 3564 1294 3630 Τ)

145 3649 186 3703 ir'
220 3666 250 3719 p.
271 3650 332 3711 774,
351 3650 367 3703 5
387 3650 764 3706 Dilectissimis..Gelasius
783 3652 882 3721 onaQ
942 3648 1113 3705 uniacrnist
1149 3668 1180 3719 p.
1201 3653 1293 3714 774,7

146 3738 252 3791 deficilc
271 3738 492 3807 quaeatianumt
578 3756 609 3808 p.
630 3740 690 3803 775,
711 3741 725 3794 1
747 3740 884 3794 desiderat
905 3740 931 3794 Τ
948 3737 1006 3805 (un
1031 3739 1188 3793 desiderans
1210 3740 1295 3809 Qopti

147 3826 369 3897 2pistilentiaefi
406 3826 623 3897 direquentiaru
642 3829 801 3882 rationem&
847 3827 1144 3896 dsubmunnoranttlt
1189 3830 1294 3882 onon-

146 3914 255 3969 mentit
292 3918 307 3969 7
322 3916 451 3970 miramur
459 3914 512 3971 {²7¹
521 3916 578 3985 (it):
598 3921 768 3972 murmurant
780 3916 868 3989 ρυβΰ,
887 3916 1077 3971 murmorantd
1132 3915 1294 3971 excederunt

148 4004 204 4074 ῲβ
276 4005 293 4059 8
313 4006 460 4073 antiquati!
481 4006 494 4059 t
566 4005 681 4060 ecclesia
701 4008 843 4073 (ecclesiae
862 4006 887 4068 dl
908 4010 936 4059 et
954 4007 1059 4059 ratione
1079 4004 1158 4071 ofitffl,
1179 4007 1294 4060 ecelesia

147 4097 175 4147 ct
192 4092 341 4147 traditione
364 4093 390 4147 T
433 4095 497 4148 9et
516 4095 603 4164 eptias
623 4092 654 4161 βδ
710 4094 837 4149 caducit
885 4097 914 4148 11
936 4094 1061 4163 specialis
1081 4078 1112 4163 ,ti
1160 4095 1193 4148 12
1212 4094 1293 4147 suat

147 4183 272 4235 ueritatis
292 4180 313 4246 δ,
334 4182 447 4236 unitatis
471 4184 496 4236 Τ
567 4182 738 4238 adcumolans
759 4184 783 4253 β,
804 4181 1018 4246 adcumularat,
1045 4183 1248 4237 accumulantur
1270 4182 1297 4235 Τ

148 4270 181 4324 13
199 4272 343 4341 pueriliter
366 4272 453 4341 (pueri
476 4272 570 4327 littera
592 4273 622 4336 2³,
647 4276 722 4343 pueri
746 4274 858 4327 littam
887 4273 923 4333 Tr
947 4272 1068 4326 dicentes
1086 4272 1127 4325 e'T
1215 4288 1294 4341 prae·

147 4360 226 4429 cipue
246 4358 268 4427 β,
288 4361 449 4430 praecipuae
469 4360 526 4430 q¹q³
582 4364 613 4416 15
634 4366 737 4433 oportit
756 4362 773 4430 β
829 4364 861 4416 17
881 4362 1038 4415 suscitatam
1061 4362 1140 4427 ΠΒ)
