3025 4975
519 462 604 532 Epist.
624 453 786 518 CCXXXIII
805 462 885 515 2-9.
1209 465 1274 528 709

134 659 229 724 laadIs
267 659 369 743 gloria
405 659 551 742 utrisque
587 659 853 742 patriarchalibus
892 657 1022 722 sedibus
1059 657 1203 732 rimatur,
1237 659 1276 720 at

135 769 276 831 consuete
306 765 445 830 omnium
475 766 621 830 dominas
651 769 683 830 et
711 765 855 830 conditor
886 763 1033 830 Christus
1065 783 1161 828 uerus
1195 763 1273 828 deas

135 877 234 938 noster
268 873 498 957 magnificetur.
533 873 570 937 de
604 873 653 938 bis
687 877 794 938 autem
829 872 977 937 omnibus
1014 890 1139 936 summo
1177 871 1269 934 uobis
1299 865 1316 929 7

135 980 348 1063 supplicentur
376 980 490 1044 affectu
518 980 673 1044 Iohannes
702 979 928 1044 sanctissimus
956 978 1125 1060 episcopas
1152 977 1273 1042 maltos

109 1087 292 1151 turbiscum
307 1086 439 1152 sudores
454 1089 485 1150 ln
502 1087 659 1169 praesenti
669 1086 830 1168 deponens
840 1085 1013 1150 certamine
1024 1089 1056 1150 et
1064 1085 1273 1150 Heraclianus

135 1194 405 1258 reuerentissimas
430 1194 594 1276 presbyter
618 1197 745 1258 sanctae
769 1196 896 1258 nostrae
919 1192 1049 1257 maioris
1068 1192 1223 1256 ecclesiae
1242 1193 1275 1255 et

136 1300 325 1365 cohabitator
351 1303 459 1366 noster
487 1303 519 1365 et
547 1300 776 1366 Constantinus
808 1299 1086 1364 reuerentissimas
1119 1297 1273 1362 diaconas

135 1407 267 1472 eiusdem
306 1407 435 1472 maioris
473 1407 636 1482 ecclesiae,
675 1427 731 1490 per
768 1426 848 1489 quos
886 1409 919 1471 et
959 1408 1069 1470 nostra
1110 1404 1273 1487 synodalia

135 1515 270 1596 symbola
303 1514 479 1579 secundam
512 1514 746 1580 ecclesiasticas
786 1518 911 1578 uestrae
947 1510 1138 1578 beatitudini
1175 1511 1273 1575 simul

100 1635 119 1672 ¹0
136 1621 360 1687 destinauimus
392 1621 490 1706 leges.
523 1641 606 1686 nunc
638 1621 738 1705 igitar
770 1619 909 1702 piissimi
937 1619 1037 1684 nostri
1065 1613 1316 1701 imperatores8

134 1729 268 1792 studium
298 1729 381 1793 circa
409 1733 589 1794 sanctarum
619 1728 826 1794 ecclesiarum
858 1727 1035 1791 unitionem
1067 1725 1272 1790 ostendentes

133 1836 264 1914 pacificis
276 1895 278 1902 ,
290 1835 330 1900 ad
353 1839 494 1900 uestram
517 1833 745 1899 beatitudinem
767 1834 805 1898 de
823 1834 874 1898 bis
893 1832 999 1898 censis
1018 1833 1136 1896 utendo
1155 1830 1272 1895 litteris

135 1943 161 2004 et
182 1943 305 2007 oblatas
330 1942 460 2007 sibimet
483 1942 521 2004 ab
545 1941 847 2023 Hierosolymitanis
871 1943 903 2004 et
926 1938 1142 2004 Orientalibus
1165 1939 1273 2019 petiti·

134 2067 200 2114 ones
224 2049 476 2114 destinauerant.
500 2067 558 2112 nos
583 2065 657 2131 ergo
683 2048 882 2112 occasionem
906 2045 1109 2111 salutationis
1127 2044 1271 2108 inuenire

98 2165 118 2204 ¹⁵
133 2157 269 2221 uolentes
289 2157 369 2220 banc
388 2155 428 2219 ad
446 2173 505 2219 uos
525 2155 660 2219 fecimus
676 2154 855 2235 epistolam,
870 2171 926 2235 per
941 2171 1034 2233 quam
1051 2150 1270 2233 supplicamus

133 2265 333 2345 proponentes
362 2261 455 2326 uobis
485 2261 695 2326 sanctissimis
728 2261 807 2324 banc
840 2278 954 2323 uocem
986 2258 1144 2322 diuinam:
1177 2253 1313 2320 ecce9

133 2370 284 2452 tempas
314 2368 593 2451 acceptabile,
624 2385 715 2431 ecce
747 2385 849 2430 nanc
879 2366 966 2429 dies
995 2363 1166 2428 salutis!
1196 2381 1269 2426 ecce

134 2475 256 2540 credidit
281 2476 373 2542 nobis
398 2475 540 2541 omnium
565 2473 712 2541 dominus
735 2474 905 2551 talentum,
926 2471 1011 2556 qaod
1029 2473 1270 2555 augmentatum

133 2582 226 2661 possit
252 2583 380 2647 restitui
408 2584 484 2649 boni
514 2583 617 2664 operis
647 2583 754 2647 fracta
784 2586 816 2645 et
844 2582 967 2645 saluere
994 2598 1051 2663 per
1078 2578 1269 2641 laudabilem

96 2694 262 2755 ²⁰uestram
308 2690 580 2775 dispensationem
626 2692 730 2753 tantas
778 2687 906 2771 quidem
949 2689 1075 2752 sanctas
1117 2684 1270 2749 ecclesias

133 2798 290 2880 tantosque
321 2816 427 2863 earum
458 2798 637 2863 sacerdotes
672 2798 704 2861 et
735 2796 976 2861 multitudinem
1008 2792 1269 2858 innumerabilem

132 2923 207 2969 nrrnc
229 2906 355 2987 quidem
379 2906 502 2969 unitam
527 2909 654 2969 sanctes
674 2904 839 2977 ecclesiae,
858 2902 1092 2985 periclitantem
1112 2901 1218 2963 autem
1238 2900 1271 2961 ct

133 3014 275 3077 ementem
304 3014 334 3077 si
361 3016 487 3077 uestrae
521 3010 727 3076 beatitudinis
763 3009 1014 3094 gubernaculum
1048 3008 1269 3083 commoretur,

131 3122 160 3180 et
182 3119 309 3182 inarime
333 3120 402 3195 hos,
423 3116 528 3201 quiin
548 3116 666 3181 sanctis
686 3116 766 3180 locis
786 3116 933 3179 habitant
952 3113 1071 3178 Christi
1090 3112 1140 3176 dei
1158 3112 1268 3189 nostri,

93 3228 116 3267 ²⁵
131 3222 172 3287 ita
193 3226 305 3309 abique
330 3224 450 3289 sanctis
475 3224 681 3289 adhaerentes
706 3221 862 3299 ecclesiis,
887 3223 1056 3285 uteorum
1080 3220 1188 3301 respui
1206 3238 1268 3283 non

211 3453 242 3504 16
262 3448 322 3507 Cor.
341 3450 413 3513 116,
433 3451 449 3503 2

164 3574 174 3625 1
194 3576 329 3643 utriusque
348 3574 418 3627 Bar.
472 3576 586 3627 rimatur
609 3572 640 3626 V:
665 3572 805 3625 deriuatar
822 3571 989 3639 ineptissime
1009 3568 1088 3623 ator
1137 3571 1170 3620 ut
1182 3567 1266 3620 Bam:

131 3662 157 3711 et
177 3662 198 3713 V
236 3662 444 3717 lscrdbendam
462 3662 625 3731 supplicent,
645 3662 700 3715 ae‘si
719 3663 780 3729 qais
797 3661 970 3729 interpretem
987 3658 1131 3712 mediatem
1143 3658 1267 3725 formam

133 3747 255 3805 Graecam
279 3750 473 3821 προσεύχωνται
492 3768 545 3819 per·
563 3750 741 3805 oscitantiam
758 3750 857 3817 forma
875 3749 996 3816 passiua
1013 3745 1165 3800 reddidisse
1178 3751 1266 3813 pata·

129 3840 192 3892 uerit
226 3840 241 3891 9
259 3840 423 3894 beatitudini
442 3839 523 3893 simul
542 3840 686 3906 terrrptaac':
706 3837 884 3891 beatitudinis
902 3840 935 3889 ut
953 3836 983 3894 V.
1003 3834 1183 3888 beatitudinis
1201 3834 1266 3886 Car.

131 3925 161 3977 10
170 3928 331 3999 imperatoris
346 3928 377 3993 V,
389 3932 493 3982 correct
503 3929 548 3998 (cf.
560 3928 694 3997 principes
700 3946 730 3996 p.
745 3931 812 3984 708,
823 3930 842 3979 2
852 3931 877 3979 et
886 3929 969 3992 17;p.
984 3928 1045 3987 710,
1057 3927 1087 3988 6)
1131 3924 1162 3977 ll
1175 3926 1266 3977 osten·

130 4012 209 4069 dentis
226 4018 289 4073 edit.
307 4034 360 4086 rep.
409 4018 440 4070 13
458 4017 679 4071 ierosolirnitauis
704 4017 730 4069 V
770 4017 803 4068 14
822 4014 1028 4068 destinauerant
1050 4014 1161 4080 scrr'pee':
1181 4012 1265 4066 desti·

130 4106 200 4159 nauit
221 4106 245 4158 V
299 4108 330 4159 16
350 4122 410 4159 ecce
430 4122 499 4159 nanc
519 4108 626 4175 tempus
650 4105 773 4174 Valpata
825 4104 857 4156 19
877 4106 905 4155 st
924 4102 1029 4155 saluere
1051 4102 1142 4156 Thr'el:
1163 4106 1194 4155 at
1212 4102 1266 4157 ssl-

132 4196 181 4247 aati
201 4196 230 4259 V,
250 4200 278 4251 et
296 4196 397 4249 saluari
415 4195 484 4247 Bar.
555 4196 587 4247 al
609 4210 698 4247 eoram
725 4195 756 4257 V,
777 4195 883 4247 correxi
947 4192 981 4245 23
1001 4195 1122 4245 errantes
1145 4191 1176 4253 V,
1195 4206 1264 4245 corr.

131 4279 191 4338 Bar.
260 4286 283 4339 si
302 4286 421 4353 uestrae]
440 4284 480 4339 sur
496 4270 575 4338 ἦν
646 4285 871 4337 commemoretur
894 4279 926 4343 V,
947 4296 1014 4334 corr.
1033 4280 1105 4333 Bar.
1161 4280 1195 4331 ‘24
1215 4278 1265 4333 hos

131 4372 227 4439 scripsi:
245 4374 336 4427 hisV
406 4373 601 4442 nostri]an
