3025 4975
219 396 283 459 630
513 390 658 444 Hormisda
674 389 817 459 Pompeio;
837 388 983 443 Hormisde
1000 390 1129 443 Dioscoro

218 592 323 654 rectae
347 588 420 652 fidei
447 587 590 653 laborare
613 586 764 651 uidentur
792 586 944 670 episcopi.
969 606 1103 670 quorum
1132 586 1290 652 desideria
1311 590 1367 651 tua

219 694 349 759 debebit
372 694 486 758 caritas
510 693 677 757 subleuere
701 692 834 777 egendo,
859 696 1014 775 quatenus
1043 694 1152 774 optatu
1175 712 1368 775 consequen·

174 804 195 866 4
219 802 302 867 tium
326 820 449 865 maeror
473 801 614 864 conuerti
635 799 741 883 possit
762 799 794 863 in
818 799 980 883 gaudium.
1027 800 1183 865 lohannes
1205 800 1369 883 Nicopoli·

220 912 315 974 tanus
354 908 522 989 episcopus
559 926 615 990 per·
651 906 856 971 Ammonium
894 906 1062 971 diaconum
1099 906 1191 971 nobis
1229 908 1368 989 scripsit,

221 1014 306 1098 quod
339 1014 367 1077 ei
400 1013 497 1095 aliqui
529 1014 673 1078 maliuoli
705 1012 791 1095 apud
822 1012 996 1095 prinoipem
1042 1012 1184 1077 nitantur
1220 1032 1369 1096 generare
1399 1032 1414 1072 s

222 1121 429 1187 calumniam:
468 1138 563 1203 quern
595 1118 756 1185 dilectioni
794 1122 867 1183 tuae
900 1119 1159 1185 commendamus
1195 1120 1369 1199 hortantes,

222 1232 259 1294 ut
283 1229 434 1305 elabores
458 1246 496 1291 ne
516 1226 584 1291 eius
604 1226 703 1309 quieti
721 1226 922 1291 inimicorum
941 1226 1045 1308 possit
1063 1245 1175 1291 nocere
1195 1226 1370 1309 subreptio.

178 1346 198 1408 5
224 1355 317 1419 quem
340 1334 545 1399 Ammonium
569 1334 737 1397 diaconum
762 1333 801 1397 ed
824 1352 881 1398 nos
910 1334 1088 1417 uenientem
1112 1334 1145 1397 in
1178 1333 1264 1399 sedis
1298 1352 1371 1416 apo-

224 1442 355 1508 stolicae
378 1440 539 1506 noluimus
564 1441 785 1505 communione
810 1438 972 1521 suscipere
991 1438 1123 1515 tamdiu,
1145 1440 1242 1504 donec
1261 1440 1371 1503 habito

224 1568 298 1614 cum
313 1547 423 1632 Sergio
439 1548 569 1612 diacono
584 1548 721 1610 tractatu
741 1544 818 1627 quid
833 1545 969 1609 ordinari
984 1546 1128 1611 debuerit
1138 1565 1373 1628 quaereremus,
1394 1568 1420 1606 ro

225 1658 258 1720 et
280 1655 340 1719 hoc
355 1651 540 1718 deliberatio
555 1656 662 1717 nostra
677 1651 873 1733 supradicto
894 1650 1025 1716 diacono
1045 1651 1218 1735 probabilis
1238 1652 1373 1729 inuenit,
1507 1634 1508 1651 ¹

223 1763 261 1825 ut
283 1780 339 1843 per
361 1759 581 1826 testimonium
602 1759 706 1823 libelli
730 1758 946 1823 communioni
974 1760 1149 1825 catholicae
1175 1760 1374 1843 iungeretur:

227 1886 322 1950 quem
357 1866 504 1931 libellum
542 1865 739 1931 sollemniter
777 1865 920 1929 oblatum
958 1869 991 1930 ct
1026 1870 1151 1931 nostrae
1190 1866 1375 1931 offerentem

226 1972 443 2039 communioni
467 1972 685 2057 significamus
709 1972 906 2037 adiunctum.
952 1972 1044 2039 Date.

744 2162 853 2251 (m)
1397 2206 1422 2246 m
1507 2180 1508 2195 ¹

273 2310 431 2356 nonrrsos
459 2310 600 2356 nonnum.
648 2291 697 2356 Ite
725 2291 904 2356 deuotionis
934 2295 1059 2357 nostrae
1088 2291 1228 2356 animum
1256 2290 1375 2373 gaudio

229 2398 414 2463 concordiae
427 2399 565 2461 fatemur
578 2397 757 2480 impletum,
772 2400 809 2461 ut
823 2398 912 2462 nulla
926 2398 1092 2463 credamus
1107 2398 1204 2463 uerbo
1218 2398 1377 2476 sufficere,

230 2506 345 2596 quibus
369 2505 443 2569 fidei
467 2507 591 2570 uestrae
614 2505 786 2588 puritatem
813 2506 978 2572 ualeamus
1003 2507 1136 2591 explere.
1166 2524 1282 2590 magne
1303 2524 1378 2587 pro-

229 2615 314 2680 fecto
341 2611 494 2676 memorio
521 2611 684 2676 felicitatis
712 2611 890 2677 transibitis
915 2612 953 2677 ed
976 2615 1131 2695 posteros,
1162 2613 1318 2695 quianon
1344 2611 1378 2675 iu

229 2719 372 2783 faciendo
386 2737 463 2801 pace
478 2717 693 2783 sollicitudine
712 2719 834 2782 certum
854 2722 903 2784 est
917 2719 1016 2783 fuisse
1031 2719 1231 2786 constrictos.
1250 2718 1378 2783 habetis
1398 2741 1425 2779 no
1507 2763 1508 2798 ,

231 2825 316 2908 apud
330 2825 531 2890 diuinitatem
554 2825 713 2904 meritum,
732 2825 824 2890 cuius
845 2825 992 2910 religioni
1013 2826 1197 2908 percoluitis
1216 2825 1379 2889 affectum.

232 2932 352 3017 operati
388 2932 515 3015 quidem
554 2932 632 2997 estis
666 2932 884 3015 generalitatis
922 2932 1079 2998 desideria
1117 2931 1173 2998 sed
1206 2935 1238 2996 ct
1269 2933 1383 2996 uestra

231 3040 350 3122 pariter
372 3039 530 3122 complete
553 3043 629 3104 sunt
650 3042 737 3116 uoto,
759 3042 791 3103 et
811 3058 883 3104 cum
903 3040 1024 3105 animae
1044 3041 1170 3104 uestrae
1188 3037 1382 3120 pureucritis

234 3146 420 3228 praemium,
461 3146 653 3212 uniuersitas
696 3145 758 3209 sibi
795 3145 984 3210 beneficium
1026 3145 1146 3231 gaudet
1186 3146 1381 3229 impensum.

272 3417 285 3470 1
306 3415 452 3470 uideantur
471 3415 533 3470 edit.
552 3433 605 3485 req.
626 3421 651 3469 ct
668 3416 709 3470 cic
722 3434 753 3485 p.
776 3418 842 3480 632,
865 3421 883 3471 7
926 3418 1064 3471 ememor
1086 3415 1118 3479 V,
1138 3431 1206 3470 corr.
1227 3414 1254 3467 ο2
1316 3433 1383 3484 pos·

235 3507 287 3560 ecit
309 3505 341 3569 V,
360 3521 429 3560 corr.
449 3525 463 3576 ρ
518 3505 656 3574 {reliquid
680 3504 706 3558 V
723 3506 768 3573 (cs.
784 3523 814 3574 p.
836 3509 901 3570 632,
922 3510 972 3572 11).
992 3521 1061 3558 corr.
1082 3523 1095 3556 ο
1162 3503 1288 3558 nituntur
1308 3522 1331 3574 ρ,
1353 3509 1386 3557 at

235 3596 400 3663 cflp.632,
420 3598 450 3646 11
490 3592 675 3647 bdilectionio
699 3593 730 3657 V,
749 3607 852 3647 corno
909 3594 1046 3662 lposscit
1069 3592 1100 3656 V,
1120 3607 1224 3647 corno
1263 3592 1296 3647 10
1316 3591 1385 3661 quid

240 3683 319 3738 Putet
328 3684 373 3754 (cf.
380 3698 411 3751 p.
425 3684 560 3746 632,16):
572 3681 619 3749 qui
633 3680 657 3734 V
701 3681 731 3734 ll
747 3679 811 3734 <dc>
821 3680 976 3750 supradicto
987 3681 1050 3734 edit.
1060 3697 1122 3750 reu,
1138 3685 1170 3735 ot
1182 3681 1217 3750 cs.
1224 3699 1255 3750 p.
1269 3685 1337 3745 632,
1349 3687 1385 3736 17

238 3773 271 3827 13
290 3773 447 3826 solemniter
471 3769 497 3822 V
566 3770 599 3823 14
618 3769 813 3823 communionis
837 3769 867 3832 V,
887 3785 991 3839 corun
1063 3770 1157 3840 Dato]
1178 3785 1227 3824 uec
1245 3769 1318 3825 utem
1335 3787 1387 3826 nec

236 3877 353 3936 nemmem
375 3859 503 3931 additum
524 3875 582 3914 uon
603 3859 718 3922 mirer-io,
741 3860 768 3913 ot
790 3875 861 3928 quae
882 3859 964 3913 initio
989 3861 1123 3928 epistulae
1144 3859 1298 3914 eubuotam'
1321 3877 1386 3915 cou-

236 3949 404 4005 occanere

275 4037 341 4092 174.
390 4037 459 4091 Dat.
477 4043 509 4090 ut
527 4054 566 4105 ep.
586 4039 650 4092 168.
704 4037 779 4091 Edu.
803 4036 866 4092 Oar.
886 4034 918 4091 1²
938 4040 1012 4104 504;
1033 4036 1141 4092 Collect.
1165 4037 1285 4106 donet,
1303 4039 1387 4092 ΒΤΑ

238 4128 258 4180 I
277 4129 346 4192 427,·
368 4125 832 4192 Ttiezeou;commemorar13ar.
854 4127 893 4180 ad
916 4144 942 4182 a.
965 4129 1027 4189 519,
1049 4131 1095 4182 77.
1178 4127 1211 4181 16
1234 4144 1331 4182 ronrru
1354 4127 1386 4190 V,

240 4231 337 4270 corto
385 4215 417 4267 17
437 4215 549 4267 suficere
568 4214 593 4266 V
632 4215 667 4268 20
686 4214 896 4268 sollicitudinem
918 4214 949 4280 V,
968 4231 1036 4270 corr.
1053 4215 1080 4266 o²
1124 4217 1157 4270 21
1174 4217 1344 4287 persoluistis
1361 4215 1389 4287 ρ2

240 4305 275 4357 23
295 4301 446 4372 complecta
469 4300 500 4366 V,
520 4317 588 4356 corr.
609 4320 622 4352 o
