3025 4975
217 432 282 496 544
350 428 497 483 Hormisda
514 426 668 493 Anastasio,
687 428 833 483 Horrnisda
851 429 994 483 Timotheo
1014 428 1221 501 constantinop.

214 626 325 709 poenis
344 628 526 714 remaneant
544 625 750 709 praeparatis.
774 625 913 707 pendent
936 626 1026 691 anxia
1048 626 1144 692 corda
1166 629 1367 691 cunctomm.

215 732 253 797 ab
278 732 403 797 ultimis
427 732 467 797 ad
490 752 546 797 nos
572 730 686 799 Galliis
715 731 835 798 directa
861 734 990 817 legatio,
1019 732 1047 797 si
1071 734 1148 816 quid
1171 732 1210 798 de
1233 732 1367 797 unitatis

214 840 481 924 redintegratione
511 838 694 905 sollicitudo
722 844 832 905 nostra
858 840 1083 923 promonisset‚
1111 840 1229 905 famam
1257 840 1370 905 secuta

163 950 203 1013 15
215 947 387 1014 consuluit.
412 966 469 1012 nec
490 946 620 1012 difficile
640 966 720 1029 opus
740 947 926 1012 clementiae
945 951 1036 1011 tuae:
1057 947 1120 1011 scit
1138 947 1216 1012 deus
1236 965 1369 1012 suorum

213 1053 377 1119 laboribus
402 1054 582 1121 subuenire.
618 1072 654 1119 ex
677 1074 738 1119 usu
763 1053 875 1118 estad
898 1054 1057 1137 principes
1082 1071 1157 1118 suos
1183 1056 1369 1119 conuertere
1399 1075 1414 1114 s

215 1158 309 1225 corda
333 1160 507 1226 subiectos.
533 1161 588 1224 dat
606 1160 711 1241 specie
730 1159 903 1224 maximum
923 1160 1051 1245 siguum
1068 1179 1179 1225 recens
1198 1159 1369 1243 religiosae

215 1268 386 1331 memoriae
425 1266 578 1332 Marciani
614 1267 816 1351 imperatoris
849 1268 1038 1349 exemplum.
1083 1267 1159 1349 qnid
1191 1266 1258 1351 egit
1289 1271 1369 1330 tunc

215 1374 335 1456 uulgus
369 1376 425 1437 aut
456 1374 620 1456 populus?
657 1392 718 1439 non
753 1392 833 1456 opus
861 1375 938 1438 nota
964 1374 1147 1439 resoluere:
1181 1373 1291 1438 adulta
1318 1375 1370 1437 est

215 1480 346 1563 perfidia
372 1480 436 1543 iata
463 1499 520 1563 per
547 1479 669 1557 deuios,
698 1480 804 1561 sopita
830 1498 887 1562 per
913 1480 1034 1557 iustos3
1066 1480 1191 1545 imitare
1223 1478 1370 1563 religiosi

165 1586 400 1671 ldintegritate
432 1586 600 1670 propositi,
635 1606 728 1669 quem
763 1586 870 1651 studio
903 1586 1071 1653 ciuilitatis
1108 1585 1262 1669 aequasti.
1327 1586 1369 1651 ad
1389 1606 1417 1645 so

217 1694 294 1757 lraec
327 1692 445 1759 nostris
477 1694 630 1773 lacrimis,
663 1694 780 1759 nostris
812 1694 961 1777 precibus
994 1695 1159 1779 alleganda
1186 1694 1370 1759 llnucdium

217 1803 312 1883 atque
336 1800 543 1885 Peregrinum
571 1799 684 1865 fratres
713 1804 746 1865 et
773 1800 978 1884 coepiscopos
1006 1808 1132 1866 nostros
1160 1801 1231 1866 uice
1258 1804 1371 1866 nostra

216 1926 272 1989 pro
310 1906 485 1971 exhibenda
522 1908 617 1971 etiam
655 1906 827 1972 honorifica
859 1907 1049 1973 salutatione
1081 1908 1263 1984 direximus,
1295 1906 1370 1972 ideo

217 2012 354 2076 maxime
378 2012 544 2096 designato
570 2012 638 2077 uiro
661 2016 748 2078 fasce
772 2013 930 2079 secundae
951 2013 1121 2098 legationis
1143 2012 1308 2096 imposito,
1331 2016 1373 2078 ut

218 2118 274 2201 qui
292 2118 383 2183 nobis
404 2120 471 2201 spei
490 2119 590 2184 bonae
611 2119 726 2184 detulit
743 2118 881 2198 initium,
896 2139 979 2185 nunc
998 2120 1141 2186 adiutore
1161 2121 1219 2185 deo
1238 2120 1370 2201 plenum
1391 2138 1417 2177 ra

217 2227 359 2306 reportet
391 2226 551 2291 ellectum.
594 2226 799 2309 acquiescite,
832 2246 1007 2310 precamur,
1045 2225 1194 2292 fidelibus
1225 2226 1370 2307 monitis,
1479 2239 1482 2243 ’

220 2331 311 2395 cuins
344 2350 403 2396 uos
437 2332 613 2397 delectatos
642 2332 762 2396 dudum
790 2333 931 2418 legimus
962 2333 1132 2399 institutis.
1199 2332 1284 2398 Data
1309 2332 1370 2397 111.

220 2436 302 2502 Non.
326 2438 425 2521 April.
450 2438 586 2523 Agapito
611 2458 697 2504 cons.

739 2633 848 2717 (127.)

265 2775 422 2822 normann
444 2775 623 2822 anasrnsro
647 2777 801 2822 nuousno.
846 2777 906 2822 rna
927 2777 1088 2822 snuoomu
1109 2779 1149 2822 nr
1172 2777 1373 2822 onnscrmmr
1391 2783 1420 2821 so
1506 2824 1507 2827 ,

221 2883 400 2929 nersooeos.
470 2863 554 2928 Dum
576 2864 748 2947 sapientiae
767 2867 903 2942 uestrae,
923 2865 1170 2930 clementissime
1188 2865 1372 2948 imperator,

222 2969 378 3055 profunda
392 2971 567 3050 considero,
587 2971 792 3053 procidentes
812 2972 909 3036 saluti
926 2972 1070 3054 propriae
1089 2972 1181 3038 uobis
1202 2971 1372 3054 displicere

221 3097 283 3142 nou
321 3075 466 3156 aestimo,
504 3096 604 3160 neque
639 3078 722 3142 enim
759 3082 815 3142 aut
847 3078 956 3143 diuina
992 3078 1114 3144 monita
1146 3081 1202 3142 aut
1232 3078 1373 3143 humana

223 3183 384 3248 continent
419 3183 578 3260 instituta,
617 3187 655 3248 ut
687 3185 742 3267 qui
786 3185 926 3249 consulit
965 3185 1066 3250 bonae
1108 3186 1186 3269 spei,
1230 3184 1375 3267 qnalibet

224 3288 338 3354 debeat
373 3289 614 3373 reprehensione
653 3291 785 3374 culpari,
823 3310 896 3357 cum
933 3291 1068 3356 maxime
1104 3293 1208 3375 pietas
1245 3311 1374 3372 quoque
1393 3313 1423 3354 ss

224 3399 331 3460 nestra
363 3397 480 3461 affeetu
513 3416 547 3462 se
580 3398 713 3462 unitatis
747 3402 780 3462 et
810 3399 898 3481 pacis
935 3398 1067 3483 flagrare
1104 3400 1254 3467 fateatur.
1292 3417 1375 3480 quae

261 3707 277 3759 2
297 3707 401 3760 unitate
425 3707 457 3774 V,
476 3723 545 3762 corr.
569 3707 649 3763 Tlricl
712 3709 727 3761 3
746 3708 847 3761 famam
864 3709 976 3776 scrupeas:
993 3708 1066 3762 fama
1091 3709 1115 3760 V
1169 3706 1329 3762 ldellicele
1351 3709 1380 3762 V

225 3795 262 3846 sit
285 3794 316 3856 V,
336 3810 405 3849 corr.
426 3816 439 3848 c
512 3797 528 3850 8
548 3796 659 3850 adulata
682 3796 713 3860 V,
733 3813 801 3851 corr.
823 3795 849 3866 p²
931 3799 964 3850 12
983 3814 1035 3866 quo
1055 3799 1195 3868 episcopos
1219 3797 1251 3861 V,
1269 3813 1340 3852 corr.
1360 3815 1377 3848 o

223 3879 321 3940 nraV
374 3883 558 3939 rocabenna
579 3885 607 3938 V

263 3971 326 4029 127.
364 3971 433 4026 Dat.
449 3975 618 4039 (simularem
632 3991 690 4045 epp.
705 3977 867 4042 133-135)
883 3993 910 4030 a.
927 3975 1163 4044 517die12Apr.
1218 3975 1292 4029 Edd.
1311 3974 1376 4030 Gur.

225 4059 256 4114 1¹²
276 4063 350 4128 469;
367 4061 437 4117 Bar.
458 4063 497 4115 ad
516 4079 541 4116 a.
565 4065 626 4128 517,
648 4067 699 4130 42,·
720 4063 829 4118 collem
852 4064 971 4132 Concil.;
988 4065 1071 4118 BTA
1089 4066 1197 4132 1405,·
1218 4065 1298 4118 Ttiel
1311 4066 1375 4118 812.

227 4151 261 4204 20
289 4132 480 4204 mnsrnsro'l'c'
499 4150 525 4202 V
572 4151 625 4205 Per
637 4151 791 4206 Ennodium
805 4195 812 4206 .
827 4191 834 4204 .
849 4153 990 4224 episcopos
1004 4153 1161 4208 choreum
1173 4153 1322 4207 minutiore
1342 4153 1380 4222 V,-

227 4255 298 4307 quae
315 4245 384 4294 nota
402 4239 536 4308 quomodo
559 4241 603 4295 lu'c
630 4241 798 4308 explicanda
825 4242 862 4296 ait
882 4242 1016 4296 Ennods'o
1039 4248 1064 4296 et
1085 4241 1233 4313 Peregrina
1255 4243 1313 4295 iam
1332 4241 1379 4296 dic

229 4331 247 4382 3
265 4329 334 4397 Apu.
352 4327 445 4384 Romo
458 4329 591 4397 prosectis
608 4329 711 4383 aidests
728 4330 874 4401 ‘Beitrdpe’
887 4348 918 4400 p.
937 4336 973 4384 14
990 4349 1029 4400 ep.
1119 4334 1155 4388 24
1174 4337 1206 4387 nt
1222 4327 1262 4384 0²:
1281 4333 1331 4384 aut
1353 4329 1383 4385 V
