3025 4975
511 448 636 485 rerum
666 435 703 484 61
730 430 935 485 uerborum

173 625 339 696 euangelicis
357 623 543 694 praeiudicare
562 623 712 678 doctrinis?

172 716 232 787 212;
267 714 301 769 de
332 713 466 767 similibus
496 712 711 783 praeiudicatum

174 807 217 858 est
234 803 304 858 nihil
321 803 378 857 illis
391 801 520 872 prodesse
536 800 621 870 quod·
640 802 711 873 2422;

172 893 368 965 praeiudicatis
387 891 484 945 animis
502 892 579 962 37322

136 982 272 1053 praelibo:
296 999 349 1035 non
374 984 472 1051 greum
494 978 646 1049 praelibare
672 977 712 1032 di-

174 1070 273 1126 cendo·
293 1072 370 1142 66522

136 1160 312 1229 praeloquor:
336 1157 511 1211 salutationis
535 1155 712 1209 honoriticen-

173 1250 242 1303 tiam
259 1246 470 1318 praeloquentes
489 1246 566 1316 63422

1247 434 1313 498 935

776 641 824 679 666
853 625 968 679 decebat
996 624 1080 696 70722,
1109 640 1168 680 cum
1201 626 1314 693 pacifica

776 730 830 783 qua
849 730 897 767 uos
917 714 994 768 decet
1012 714 1208 783 gubernatione
1227 714 1312 785 70822.

776 802 1316 871 -66662666111666666661666116666.·

775 908 801 947 6.
824 890 857 945 66
877 908 899 946 c,
919 908 1018 954 66666,
1038 908 1097 945 666
1121 907 1141 945 6.
1167 906 1266 955 acerra,
1284 891 1313 944 in

777 996 799 1035 6.
819 981 906 1035 ablat.
927 984 991 1048 (pro
1011 985 1123 1046 66666),
1136 994 1200 1049 prae
1220 996 1241 1034 c.
1258 995 1314 1033 acc.

740 1072 927 1141 praepostere:
961 1068 1020 1123 066
1052 1068 1099 1138 qui
1132 1072 1174 1123 661
1201 1068 1316 1121 66611166

777 1158 913 1213 66666666
931 1158 1003 1212 lilius
1021 1162 1195 1228 praepostere
1209 1157 1316 1225 positus

778 1248 841 1318 7682

137 1354 314 1409 praemoneo:
340 1337 399 1406 ipse
422 1333 608 1405 praemonitus
631 1332 713 1387 etiam
740 1338 930 1406 praeposteros
949 1334 1002 1388 nisi
1021 1333 1093 1403 quod
1113 1332 1234 1402 (Ioseph)
1254 1336 1315 1386 tan·

174 1426 276 1497 populo
294 1425 466 1495 praedixerat
482 1439 529 1477 ne·
549 1423 595 1493 272

137 1519 284 1587 praenoto:
300 1512 489 1583 dognrataaub
504 1510 640 1565 Theodori
654 1526 713 1579 per-

174 1604 303 1658 hibentur
321 1604 430 1656 6616166
448 1603 609 1671 praenotata
628 1600 713 1669 26622,

776 1424 1088 1479 tummodonacessitate
1097 1425 1317 1493 praeposteratus

778 1516 823 1581 sit,
846 1519 878 1568 ut
908 1530 967 1567 cum
995 1512 1153 1566 undecimus
1182 1510 1317 1564 habeatur

778 1602 822 1656 hic
841 1606 997 1657 numeretur
1014 1600 1190 1655 duodecimus
1209 1600 1273 1671 7652

175 1707 362 1762 quaecumque
390 1690 464 1744 dicta
489 1687 635 1743 cuiuslibet
659 1687 715 1741 siut
743 1708 920 1762 praepropere
940 1691 1003 1762 3982

175 1782 285 1835 nomine
303 1780 464 1849 praenotata
482 1778 559 1848 29222

139 1868 387 1941 praeoptabi<lius>
401 1884 459 1921 esse
469 1869 581 1935 putetur
589 1882 619 1918 ao
625 1863 714 1917 <luere

742 1781 934 1850 praerogatiua
953 1780 1028 1851 38722
1047 1779 1123 1851 38822
1142 1779 1218 1849 40422
1238 1777 1315 1848 51022

779 1869 842 1941 66,
862 1870 937 1941 ese1²

176 1974 205 2013 se
233 1964 309 2015 curn>
325 1957 439 2011 mortuis
467 1971 548 2025 quarn
574 1952 715 2007 inhaerere
743 1975 886 2029 praerogo:
906 1974 964 2011 mos
980 1960 1021 2011 est
1034 1960 1171 2011 Romanae
1186 1954 1315 2009 ecclcsiae

177 2064 238 2101 cum
257 2046 327 2099 uiuis
348 2046 421 2117 73622

141 2135 313 2206 praeordiuo:
329 2135 406 2203 sequi
421 2133 624 2203 praeordinatos
636 2149 714 2186 6666-

179 2230 223 2279 166
242 2230 334 2294 patres
354 2225 416 2295 1622

778 2047 913 2101 sacerdoti
944 2045 1058 2099 tonnam
1089 2044 1153 2099 fidei
1185 2060 1250 2097 suae
1278 2042 1313 2095 66

779 2137 887 2189 6666166
911 2133 1036 2188 eeclesias
1060 2148 1221 2203 praerogare
1240 2132 1315 2202 22522

742 2222 924 2294 praescientia
941 2222 1007 2294 2812
1023 2258 1034 2293 2

138 2314 360 2384 praepositiones
386 2330 406 2366 a
434 2312 620 2367 subsanasse
647 2327 714 2379 pen·
743 2329 884 2382 praesens:
915 2312 944 2365 in
976 2309 1112 2380 praesenti
1141 2308 1173 2362 de
1200 2314 1318 2376 tempore

178 2402 385 2457 coniminum
405 2402 512 2455 unitate
530 2400 565 2453 ad
584 2416 613 2453 se
626 2400 714 2469 ipsum

178 2493 308 2562 diguatus
336 2493 379 2546 est
405 2493 491 2563 24522,
518 2489 651 2560 paulatim
681 2488 715 2542 66

178 2580 291 2634 meliora
308 2579 475 2650 profectibus
494 2580 568 2651 2482,
582 2579 617 2632 66
636 2577 715 2631 deum

177 2669 291 2723 uerbum
327 2669 516 2723 coniunctione
553 2669 637 2739 24922,
668 2682 717 2735 per

178 2757 395 2812 coniunctionem
418 2756 453 2812 ad
477 2757 556 2811 deum
579 2757 665 2827 24922,
688 2755 717 2808 16

178 2853 301 2915 tempore
326 2862 453 2900 ascensus
477 2843 512 2898 ad
535 2845 624 2899 caelos
644 2845 715 2913 2502,

178 2935 208 2990 16
232 2937 421 2990 coniunctione
445 2934 479 2988 ad
498 2951 559 2988 eum
577 2934 652 3004 2542,
669 2949 718 3003 per

179 3025 314 3078 unitatem
337 3023 372 3078 ad
395 3023 474 3078 deum
498 3024 584 3094 26022,
607 3026 672 3090 post
688 3021 717 3074 in

781 2402 826 2473 102
845 2402 903 2473 6722
924 2402 984 2471 1072
1005 2400 1080 2470 32222
1102 2400 1164 2469 3532
1185 2404 1242 2463 ete,
1266 2398 1316 2449 iru-

779 2491 916 2560 praesenti
939 2491 1002 2562 2982
1027 2491 1112 2561 29922.
1133 2515 1164 2528 -·
1185 2488 1213 2541 in
1239 2503 1316 2556 prae-

780 2580 851 2634 senti
879 2580 912 2634 de
939 2595 969 2634 co
996 2579 1044 2648 qai
1070 2593 1203 2647 presseras
1231 2575 1316 2638 adeat,

775 2685 911 2737 praesens
929 2667 1039 2736 aliquid
1055 2668 1135 2736 facit,
1154 2667 1195 2720 ‘in
1212 2666 1318 2735 sipeasr

780 2759 911 2813 Persoa’:
933 2774 992 2812 cum
1015 2757 1043 2810 in
1066 2755 1204 2825 praesenti
1224 2753 1318 2808 Caele·

781 2849 863 2901 stium
882 2847 1034 2902 habueritis
1054 2845 1137 2916 10022,
1150 2844 1318 2897 reuertentes

781 2937 809 2990 in
828 2937 964 3006 praesenti
984 2935 1119 3004 supplices
1137 2933 1211 3004 4852.
1230 2962 1264 2971 -
1285 2931 1317 2984 66

780 3041 909 3095 praesens
927 3027 1002 3097 66422
1021 3023 1084 3094 6882

179 3113 269 3166 666166
293 3128 433 3166 assensum
456 3112 541 3182 26022,
559 3127 608 3181 per
630 3113 716 3164 certa-
744 3119 906 3185 praesento:
952 3111 1117 3182 praesentati
1162 3108 1318 3179 imperatori

179 3203 253 3255 mina
266 3201 301 3254 ad
315 3201 452 3254 diabolum
466 3203 540 3272 2612,
551 3201 585 3254 66
597 3199 717 3252 diuinam

181 3295 304 3346 naturam
324 3290 541 3344 coniunctionem
555 3289 617 3359 2702
633 3324 654 3359 2,
668 3303 716 3340 66-

179 3381 222 3433 bis
242 3379 277 3434 66
295 3397 358 3433 eum
376 3379 490 3432 donauit
504 3377 716 3433 communionem

180 3470 265 3541 27222,
292 3469 397 3522 unitate
423 3467 458 3521 ad
482 3468 572 3537 ipsum
596 3466 719 3536 2772216

180 3557 228 3612 1116
238 3558 357 3628 glorioso
368 3557 401 3611 de
412 3557 493 3612 caelis
503 3556 623 3610 aduentu
631 3555 718 3626 47322,

182 3647 215 3702 66
229 3664 278 3702 666
287 3647 429 3718 prouincia
439 3647 580 3716 episcopos
590 3649 720 3699 accusant

181 3737 255 3810 6782,
279 3735 398 3792 reditum
425 3735 498 3804 apud
521 3751 571 3789 uos
597 3733 719 3788 caritatis

181 3835 288 3879 uestrae
306 3827 392 3897 69422.
407 3855 441 3864 -
456 3826 676 3893 praepositiones
688 3822 720 3875 ira

182 3916 335 3970 enuntiatis
342 3916 471 3969 relatiuis
479 3915 610 3968 omissae:
624 3912 657 3966 de
670 3911 721 3965 illa

183 4021 290 4074 quoque
308 4007 386 4074 parte
406 4020 460 4072 qua
478 4003 589 4058 dilectio
609 4007 657 4056 tua
671 4019 719 4072 po·

181 4091 720 4164 6161616631166666537266666116116
748 4095 921 4165 praestitum:
950 4109 998 4162 pro
1023 4089 1219 4163 multiplicibus
1242 4103 1318 4158 prae·

183 4184 281 4254 quibus
309 4183 435 4238 dubietas
462 4181 620 4236 uertebatur
646 4183 719 4252 7432,

782 3206 867 3274 51422,
895 3204 1010 3273 principi
1038 3200 1204 3272 praesentati
1231 3198 1317 3269 68322,

781 3293 893 3347 necdum
917 3292 1083 3362 praesentati
1102 3291 1174 3361 5192,
1195 3291 1318 3342 661666-

781 3382 896 3436 6661666
906 3399 954 3451 per
964 3381 1118 3451 episcopum
1127 3377 1317 3434 Constantino-

781 3471 932 3542 politanum
960 3486 1053 3523 omnes
1079 3466 1235 3537 imperatori
1261 3465 1317 3534 epi-

783 3577 878 3630 scopos
906 3557 1073 3628 praesentari
1101 3557 1173 3627 5192,
1202 3553 1244 3607 661
1271 3563 1317 3610 lsc.

781 3648 912 3718 princeps)
926 3645 1092 3718 praesentati
1107 3645 1214 3698 litteras
1224 3641 1318 3696 offerte

783 3738 867 3809 60522,
878 3737 1007 3808 principis
1016 3733 1184 3808 praesentari
1193 3731 1319 3800 uestigiis

783 3828 855 3898 6422,
866 3827 995 3896 principis
1009 3827 1212 3896 praesentamur
1226 3837 1318 3890 aspec-

783 3917 857 3970 tibus
877 3917 962 3986 61922,
982 3915 1005 3968 61
1023 3914 1097 3984 ipsos
1116 3911 1215 3966 uestris
1238 3909 1317 3963 obtu-

782 4005 857 4060 tibus
875 4007 1090 4074 praescntsuerit
1109 4003 1184 4072 70722

784 4183 857 4238 611116
877 4183 1038 4236 6166661166
1057 4184 1163 4235 uestrae
1182 4181 1259 4250 35322

183 4274 216 4329 66
241 4291 364 4328 sermone
389 4288 443 4341 quo
468 4271 584 4325 uertitur
612 4273 719 4324 contro·
746 4275 869 4343 praesto:
884 4275 915 4326 ut
929 4271 1069 4325 desideriis
1082 4270 1183 4324 uostris
1197 4272 1226 4322 et
1239 4268 1318 4322 bene·

183 4366 272 4419 uersis
290 4366 375 4438 65922,
390 4381 450 4420 cum
470 4363 583 4418 caritate
602 4363 646 4417 dei
665 4379 719 4431 qua

783 4361 897 4416 dictioni
911 4378 990 4432 quam
1006 4360 1127 4429 cupimus
1141 4361 1169 4413 te
1182 4362 1319 4428 praestare
