3025 4975
184 472 248 535 496
411 467 564 521 Dorotheus
583 466 831 521 Thessalonicensis
850 466 1011 521 Hormisdae
1030 484 1116 537 papae

184 665 276 729 uobis
302 664 448 731 Christus
473 666 505 727 et
528 662 605 728 deus
625 668 732 728 noster
752 662 886 727 credidit
905 662 1073 727 uenerandi
1092 662 1191 745 patris
1211 663 1330 746 suppli-

185 772 362 837 cationibus
378 790 527 849 annuens,
544 770 780 835 contemnentia
793 770 881 853 prius
897 769 1096 834 concordiam
1116 770 1155 834 ad
1173 771 1330 835 unitatem

184 880 291 945 uenire
324 882 355 943 et
386 878 628 961 praecedentem
665 876 856 941 diuisionem
889 879 985 959 atque
1016 876 1173 941 inuidiam
1204 882 1330 943 uestrae

184 988 308 1050 tantum
337 984 541 1050 ordinationis
569 984 724 1066 perimere
753 984 875 1047 calculo
906 986 938 1047 et
961 1001 1043 1048 nunc
1070 984 1102 1047 in
1131 984 1330 1049 concordiam

185 1096 280 1175 atque
314 1091 516 1155 serenitatem
544 1094 688 1155 constare
722 1109 846 1154 omnem
877 1090 1049 1154 terminum
1083 1093 1208 1155 sanctae
1240 1090 1330 1155 illius
1360 1111 1376 1151 c

141 1212 161 1273 3
186 1198 362 1263 ecclesiae?
409 1198 486 1261 haec
506 1196 729 1272 <di>dioimus
748 1216 811 1261 non
830 1199 902 1261 ante
921 1198 1024 1260 multa
1043 1197 1147 1279 spatia
1165 1197 1330 1279 temporis,

186 1303 1330 1389 spe1·abamautemetantiquamconsuetudinemcognoscensecclesiae

186 1416 217 1489 et
240 1413 383 1477 uestrum
411 1410 544 1475 audiens
573 1410 723 1475 socialem
749 1415 844 1491 atque
871 1410 1185 1492 inreprehensibilem
1211 1430 1331 1475 morem

185 1518 300 1583 uestris
335 1516 451 1581 litteris
484 1516 621 1581 firmiora
654 1520 750 1599 atque
788 1516 1004 1581 manifestiora
1041 1536 1241 1601 cognoscere.
1274 1516 1332 1581 sed

187 1625 262 1708 quia
297 1626 438 1706 tempore
471 1623 585 1687 hiemis
619 1622 659 1689 ad
691 1625 769 1688 haec
801 1643 860 1688 uos
892 1624 1054 1705 implenda
1087 1628 1228 1689 retentos
1260 1642 1331 1689 esse
1350 1647 1379 1687 10

186 1731 385 1797 consideraui
417 1732 592 1820 etapium
625 1733 720 1811 atque
755 1731 898 1795 debitum
929 1731 992 1795 fuit
1015 1734 1048 1795 et
1074 1731 1200 1813 plenam
1224 1734 1256 1795 et
1280 1730 1332 1795 dei

186 1838 370 1913 amatricem
403 1836 566 1901 caritatem
601 1836 695 1901 etiam
725 1837 904 1920 scripulosa
930 1837 1074 1914 transire,
1104 1838 1214 1921 scribo,
1236 1840 1332 1919 atque

187 1945 330 2026 alloquor
353 1944 483 2008 beatum
507 1946 633 2007 uestrae
658 1943 839 2007 sanctitatis
863 1946 968 2025 caput,
997 1943 1180 2027 significans
1209 1945 1331 2009 conlae-

144 2030 148 2038 ’
186 2051 247 2116 tari
270 2051 382 2115 beatae
407 2050 475 2114 sedi
500 2049 706 2113 sacratissimi
735 2050 820 2113 Petri
846 2050 992 2131 apostoli,
1018 2050 1103 2132 quod
1125 2050 1184 2114 tuli
1210 2051 1332 2134 regitur

187 2177 292 2235 manu,
318 2176 398 2239 quae
423 2156 565 2239 suscepit
587 2155 773 2239 principem,
797 2174 867 2219 non·
883 2156 937 2237 qui
960 2157 1111 2221 honorem
1132 2159 1257 2239 raperet
1275 2155 1331 2221 sed
1350 2181 1379 2220 ιε»

188 2265 242 2347 qui
269 2266 432 2347 raperetur
456 2262 493 2326 ab
519 2282 555 2327 eo
581 2266 622 2337 et,
648 2263 732 2327 sicut
759 2263 925 2345 multiplex
952 2262 1050 2327 tradit
1082 2282 1185 2328 sermo
1215 2282 1251 2327 ac
1273 2281 1331 2326 nos

187 2372 232 2435 ita
259 2370 374 2435 habere
403 2370 571 2445 credimus,
606 2368 796 2433 nutritorem
822 2370 910 2453 pacis
940 2378 973 2434 et
999 2374 1103 2434 rectae
1132 2370 1207 2434 fidei
1234 2372 1331 2434 certa-

187 2483 287 2545 torem
316 2480 348 2542 et
371 2476 567 2540 humanitate
597 2476 714 2541 mentis
739 2480 772 2541 et
795 2476 935 2552 caritate,
969 2497 1050 2559 quae
1083 2477 1168 2542 circa
1199 2479 1332 2542 cunctos

143 2590 246 2663 lest,
280 2589 442 2666 tamquam
475 2583 621 2666 pretiosis
652 2583 813 2666 lapidibus
837 2587 1031 2649 coronatum.
1079 2585 1196 2648 etenim
1219 2586 1334 2649 cuncta

186 2697 218 2757 te
245 2692 319 2756 uolo
348 2691 524 2754 uenerande
553 2693 643 2773 pater
671 2709 851 2775 agnoscere,
877 2690 960 2772 quod
990 2710 1025 2755 er
1050 2691 1188 2773 antiquis
1213 2690 1332 2755 sanctis
1351 2716 1380 2756 sc

188 2817 223 2862 ac
247 2783 434 2862 uenerandis
458 2797 602 2883 patribus
628 2797 806 2879 suscipiens
830 2797 917 2861 illius
941 2797 1051 2861 beatae
1077 2797 1161 2861 sedis
1185 2797 1333 2860 affectum

188 2909 219 2968 et
251 2903 334 2968 huuc
367 2905 529 2984 tamquam
566 2906 728 2986 paternam
763 2907 879 2968 sortem
913 2903 1096 2968 custodiens
1129 2904 1241 2983 addere
1273 2903 1334 2967 hoc

188 3014 262 3092 opto
296 3013 389 3091 atque
422 3009 548 3088 festino,
577 3013 614 3074 ut
642 3009 749 3074 ueniat
776 3010 808 3074 in
835 3009 895 3074 hoc
924 3010 1030 3075 studio
1058 3011 1215 3075 terminus
1244 3010 1334 3074 utilis

188 3117 384 3184 humanitate
414 3116 541 3197 quidem
570 3115 688 3180 domiui
718 3120 750 3180 et
778 3115 829 3180 dei
857 3117 958 3182 nostri
984 3117 1057 3181 Iesu
1083 3115 1210 3195 Christi,
1238 3117 1334 3180 inter-

189 3223 390 3288 cessionibus
420 3227 526 3286 autem
553 3223 585 3286 in
615 3223 737 3287 cunctis
766 3223 943 3287 beatissimi
971 3223 1108 3306 apostoli
1130 3223 1217 3288 Petri
1244 3227 1277 3287 ct
1302 3223 1334 3286 in
1353 3249 1382 3290 sc

189 3329 335 3393 omnibus
356 3329 586 3411 sapientissimi
604 3329 707 3406 Pauli,
727 3333 765 3393 ut
783 3329 978 3394 uenerandae
997 3349 1106 3394 eorum
1125 3330 1192 3395 sedi
1212 3334 1243 3393 et
1261 3332 1335 3392 tuae

188 3435 378 3500 beatitudini
401 3435 486 3499 iuste
511 3434 638 3500 debitus
661 3435 763 3501 honor
785 3436 985 3501 custodiatur
1008 3440 1102 3518 atque
1120 3436 1280 3513 reddatur,
1299 3439 1336 3499 ut

226 3665 239 3720 1
268 3666 340 3735 patri
364 3665 395 3730 V,
423 3681 491 3718 corr.
517 3663 558 3717 02²:
587 3663 678 3717 fratris
701 3665 771 3720 Bor.
880 3667 896 3721 3
924 3664 1124 3734 praecidentem
1148 3667 1179 3730 V,
1208 3681 1276 3721 corr.
1306 3665 1337 3718 οι1

188 3758 205 3810 4
231 3753 351 3808 clanculo
375 3753 407 3816 V,
426 3769 494 3810 corr.
514 3753 583 3808 Bar.
666 3753 810 3808 concordia
827 3756 908 3823 atque
928 3755 1074 3808 serenitate
1097 3755 1176 3809 Tuiez
1234 3755 1336 3809 udici-

189 3860 248 3898 mus
271 3842 389 3910 Kouma
408 3842 478 3896 Bur.
579 3843 593 3896 7
622 3845 768 3911 arrtequam
792 3841 823 3906 V,
843 3859 911 3896 corr.
933 3843 958 3912 ρ2
1055 3844 1072 3897 8
1100 3849 1221 3898 uestrum
1241 3863 1254 3896 o
1274 3850 1299 3898 ct
1318 3863 1336 3895 α

188 3949 263 3987 mun.
282 3945 348 3986 cccx
365 3916 447 3983 hrV
500 3931 597 3986 9<er>
617 3931 716 3984 uestris
736 3931 806 3986 Bar.
861 3931 963 3984 fimrior
986 3931 1016 3994 V,
1036 3948 1104 3987 corr.
1126 3931 1155 3985 αι2
1210 3933 1243 3988 12
1263 3950 1340 3986 scrn·.

190 4021 285 4090 pulosa
304 4035 322 4068 α
339 4035 412 4072 ursan.
428 4024 493 4086 post
535 4066 539 4074 ,
584 4020 617 4074 14
637 4019 717 4072 (nos)
740 4017 837 4073 beatae
856 4021 927 4073 Bar.
1034 4019 1109 4074 beati
1133 4022 1164 4085 V,
1183 4037 1253 4076 cor-r.
1272 4022 1338 4075 Car.

190 4108 261 4162 sedis
285 4107 311 4160 V
416 4107 450 4162 16
470 4109 516 4177 qui
536 4107 574 4177 9²:
595 4109 658 4177 quia
681 4107 704 4161 V
796 4124 826 4161 ac
844 4109 955 4176 scripsi:
980 4109 1048 4164 haec
1071 4110 1102 4173 V,
1122 4113 1151 4164 et
1168 4111 1239 4164 Bar.
1264 4119 1325 4171 <se>

189 4197 288 4250 habere
308 4197 377 4250 Bar.
462 4197 494 4250 18
514 4197 669 4250 humilitate
691 4197 767 4263 (sicli
784 4239 789 4249 .
806 4238 811 4251 .
828 4198 986 4251 caritate..
1003 4202 1161 4252 coronatum
1180 4199 1263 4253 Bau:
1284 4199 1341 4253 hu··

189 4285 348 4340 manitatem
364 4327 370 4340 .
387 4325 392 4338 .
408 4285 549 4339 caritatem
565 4329 569 4338 .
586 4328 590 4339 .
607 4289 781 4338 coronantem
798 4285 821 4334 V
855 4287 886 4339 21
903 4287 1003 4340 affectu
1018 4286 1049 4350 V,
1065 4303 1133 4341 corr.
1150 4286 1176 4357 9²
1212 4287 1246 4342 23
1262 4293 1294 4342 ut
1308 4307 1337 4358 p:

192 4377 220 4427 ot
243 4371 270 4426 V
320 4374 354 4427 27
373 4373 473 4427 honore
499 4371 528 4438 V,
548 4389 615 4427 corr.
635 4389 690 4427 ros.
711 4391 786 4430 traua.
804 4380 875 4442 post.
895 4392 913 4424 α
